1942 3242
433 199 492 232 DE
525 198 944 231 RECUPERATIONE
976 198 1141 230 TERRE
1174 198 1372 229 SANCTE.
1607 199 1643 232 21

152 297 384 347 precantes
397 305 613 332 summum
628 305 777 347 regem
793 287 1080 337 exercituum,
1097 287 1380 346 optinebant3
1399 295 1446 329 ut
1467 289 1647 331 accedat

155 360 274 419 quod
319 361 378 403 ait
422 359 683 420 Apostolus¹
720 377 728 402 ε
779 359 935 403 Omnia
962 375 1210 419 quecunque
1240 365 1402 417 scripta
1433 370 1550 413 sunt,
1588 362 1649 403 ad

152 442 349 476 nostram
383 433 628 476 doctrinam
665 437 830 490 scripta
864 441 979 473 sunt.
1017 430 1189 473 Idcirco
1216 430 1460 488 prudencia
1498 431 1643 490 Scrip-

150 512 364 555 turarum,
398 520 486 546 non
516 503 696 562 propria
726 502 938 545 debemus
968 502 1047 552 uti,
1091 501 1352 544 auctoritate
1376 502 1640 554 Salomonis,

151 591 249 619 cum
284 575 397 620 ait²z
432 577 534 630 Fili,
579 591 633 618 ne
660 578 866 617 innitaris
893 575 1133 633 prudencie
1170 583 1255 628 tue,
1289 582 1331 616 et
1365 589 1506 618 canon
1540 575 1643 619 inde

149 655 348 706 sumptus
374 664 382 689 ε
407 648 541 692 Nemo
560 663 638 690 suo
661 662 790 689 sensu
819 655 980 688 utatur.

209 723 319 774 [xlv]
351 719 522 762 Idcirco
548 735 700 777 pacem
731 717 983 778 generalem
1021 733 1207 776 querere
1241 726 1284 759 et
1312 733 1335 759 a
1361 719 1455 759 Deo
1491 726 1642 776 petere

150 790 377 841 debemus,
413 799 460 833 ut
486 807 566 849 per
599 807 753 848 pacem
780 798 823 832 et
850 789 895 832 in
919 791 1013 847 ejus
1040 797 1255 848 tempore,
1288 805 1385 831 cum
1414 789 1518 832 alias
1547 790 1642 833 fieri

147 877 235 905 non
251 862 406 921 possit,
426 861 644 920 perfectas
662 862 847 904 virtutes
874 869 916 903 et
940 861 1153 903 sciencias
1179 860 1462 919 adquiramus
1483 879 1491 913 ;
1524 862 1642 919 quod

149 934 287 976 sensit
324 933 562 992 Apostolus
600 940 698 976 cum
735 932 847 976 ait⁸z
887 935 988 976 Pax
1018 934 1110 986 Dei,
1146 949 1226 992 que
1257 943 1440 991 superat
1474 949 1640 976 omnem

146 1021 333 1059 sensum,
359 1006 574 1047 custodiat
599 1006 734 1047 eorda
763 1014 907 1049 vestra
937 1015 976 1047 et
1005 1004 1323 1063 intelligendas
1354 1014 1550 1059 vestras-3
1578 1005 1640 1048 in-

146 1077 400 1136 telligencie
419 1086 579 1128 vestre,
596 1093 681 1135 que
703 1085 804 1119 sunt
817 1076 958 1119 anime
971 1076 1223 1126 rationales,
1243 1093 1321 1135 per
1337 1093 1533 1135 guerras,
1557 1076 1640 1120 dis-

145 1148 333 1200 cordias,
381 1157 423 1191 et
469 1149 568 1191 lites
611 1149 760 1191 civiles
800 1165 885 1207 que
924 1148 1052 1191 bellis
1093 1149 1425 1207 equiparantur,
1475 1157 1518 1190 et
1561 1165 1640 1207 per

144 1236 293 1263 earum
337 1221 698 1280 prolongationes
750 1236 838 1262 non
885 1220 1210 1270 custodiuntur,
1260 1220 1338 1262 sed
1382 1220 1639 1278 frequenter

144 1292 433 1334 destruuntur
452 1310 461 1344 ;
488 1292 604 1343 ideo,
626 1300 758 1351 prout
779 1292 916 1351 magis
939 1291 1082 1334 facere
1103 1300 1266 1350 potest,
1293 1291 1425 1334 debet
1452 1308 1523 1334 eas
1547 1293 1638 1350 qui-

143 1364 252 1406 libet
279 1364 344 1406 vir
371 1364 515 1406 bonus
543 1364 731 1406 evictare
759 1372 801 1406 et
829 1363 1005 1423 fugere3
1037 1372 1079 1406 et
1107 1380 1204 1405 cum
1240 1364 1323 1406 hoc
1358 1364 1638 1422 amplectitur

146 1435 251 1478 alias
274 1452 360 1477 non
390 1444 548 1494 potens
565 1437 637 1494 jus
660 1452 786 1478 suum
808 1435 1036 1494 consequi,
1068 1435 1200 1477 debet
1227 1436 1311 1477 hoc
1338 1444 1471 1493 prout
1498 1437 1638 1495 magis

143 1516 290 1565 potest
323 1508 565 1558 abreviare,
604 1507 649 1549 in
681 1507 766 1549 hiis
801 1523 952 1565 pacem
984 1523 1104 1549 suam
1139 1516 1182 1549 et
1210 1509 1281 1565 jus
1316 1523 1506 1565 querens
1539 1524 1637 1550 cum

143 1578 288 1620 cordis
317 1578 497 1630 dolore;
529 1578 649 1637 quod
676 1579 737 1621 sic
765 1579 915 1621 docuit
943 1579 1038 1621 fleri
1066 1579 1380 1636 Philosophus,
1413 1595 1511 1621 cum
1539 1580 1598 1621 ait
1625 1597 1632 1621 :

140 1650 310 1692 Bellum
338 1651 390 1692 de
421 1667 467 1692 se
502 1661 542 1692 et
580 1654 623 1692 in
662 1667 707 1692 se
740 1661 906 1692 tantum
933 1661 996 1693 est
1023 1651 1219 1693 illicitum
1247 1660 1287 1692 et
1313 1651 1490 1703 malum,
1522 1653 1640 1710 quod

140 1725 382 1781 quicunque
399 1725 564 1780 appetit
580 1722 737 1764 bellum
750 1732 935 1781 propter
964 1722 1120 1764 bellum
1150 1725 1193 1764 in
1224 1722 1315 1778 fine
1341 1723 1515 1764 malicie
1542 1733 1632 1774 est3

141 1793 282 1835 simile
304 1801 385 1843 est,
413 1793 516 1836 licet
537 1809 626 1836 non
646 1802 830 1844 tantum,
856 1793 1015 1836 malum
1031 1794 1076 1835 in
1099 1793 1301 1836 civilibus
1323 1794 1634 1837 controversiis

140 1872 183 1907 et
206 1864 360 1907 litibus
374 1863 404 1907 ¹⁰.
1168 1861 1170 1863 ’

200 2006 284 2053 28.
320 2007 393 2050 Sic
430 2007 546 2049 enim
581 2023 665 2066 pax
700 2007 960 2050 universalis
997 2007 1096 2050 finis
1133 2015 1199 2050 est
1232 2023 1361 2066 quem
1390 2009 1631 2066 querimus,

95 2136 98 2140 Ι
140 2094 270 2137 quem
301 2079 343 2120 in
376 2078 622 2121 intentione
650 2087 800 2121 nostra
826 2079 968 2138 primo
996 2080 1224 2130 habemus,
1257 2080 1357 2138 quia
1393 2080 1634 2122 secundum

140 2150 492 2208 Philosophum:
534 2151 656 2192 Finis
689 2155 832 2208 operis
854 2154 1048 2208 primum
1080 2161 1144 2193 est
1175 2155 1219 2193 in
1253 2155 1500 2205 intentione,
1538 2153 1633 2194 ulti-

141 2238 255 2263 mum
277 2237 375 2264 vero
402 2225 446 2264 in
475 2225 619 2280 operis
645 2226 910 2275 executione,
942 2222 1152 2265 debemus
1183 2223 1326 2281 primo
1358 2223 1514 2265 tollere
1549 2223 1632 2265 sin-

140 2293 241 2351 gula
263 2293 384 2351 pacis
410 2293 670 2336 universalis
699 2293 1013 2352 impedimenta
1035 2302 1078 2337 et
1099 2294 1352 2336 occasiones
1374 2295 1633 2337 verisimiles

189 2467 222 2499 1.
252 2465 357 2499 Rom.
381 2465 459 2505 XV,
482 2466 515 2499 4.

189 2514 222 2546 2.
253 2513 365 2546 Prov.
389 2513 457 2551 111.
482 2514 517 2548 5.

188 2561 221 2595 3.
253 2560 349 2594 Phil.
374 2560 437 2599 IV,
463 2563 496 2595 7.

189 2608 222 2642 4.
253 2607 362 2642 Cette
389 2608 472 2642 idee
502 2614 559 2641 est
588 2608 620 2641 le
642 2607 747 2653 pivot
774 2608 822 2642 du
844 2610 1009 2654 premier
1029 2622 1195 2656 ouvrage
1214 2611 1259 2644 de
1282 2611 1442 2650 Dubois,
1467 2611 1628 2651 intitule,

142 2667 284 2688 comme
311 2668 358 2688 on
389 2656 460 2689 snit
484 2669 490 2689 ε
525 2669 543 2688 «
566 2655 771 2689 summaria
795 2655 923 2692 brevis
955 2663 991 2691 et
1011 2658 1279 2703 compendiosa
1310 2659 1480 2693 doctrina
1512 2659 1631 2693 felicis

141 2702 399 2748 expedicionis
422 2709 457 2736 et
479 2702 749 2737 abreviationis
769 2715 989 2748 guerrarum
1010 2719 1050 2739 ac
1073 2705 1195 2740 litium
1217 2707 1325 2752 regui
1342 2708 1573 2741 Francorum
1595 2720 1629 2740 ».

142 2750 194 2832 lLa
216 2762 352 2796 guerre
375 2757 411 2784 et
433 2752 487 2785 les
509 2752 644 2797 proces
667 2757 764 2791 sont,
791 2763 860 2786 aux
880 2765 975 2801 yeux
998 2754 1043 2787 de
1065 2753 1225 2795 Dubois‚
1250 2753 1304 2790 les
1326 2756 1423 2790 deux
1444 2754 1563 2790 fleaux
1586 2755 1630 2789 de

157 2809 177 2831 a
199 2797 352 2833 soeidte'.
