1942 3242
382 195 440 230 DE
469 195 885 229 RECUPERATIONE
915 194 1077 228 TERRE
1106 196 1302 230 SANCTE.
1559 196 1599 228 65

162 285 243 332 77.
281 287 389 329 Item
425 294 469 329 et
507 302 662 328 eorum
697 286 773 345 qui
806 286 947 329 solum
979 289 1051 345 jus
1092 287 1366 337 canonicum,
1411 295 1458 328 ut
1497 294 1599 328 sunt

100 358 238 417 aliqui
258 358 459 401 canonici
485 357 710 417 regulares
732 366 774 401 et
801 358 1019 402 monaehi.

163 499 244 546 78.
278 502 384 543 [tem
411 509 454 542 et
475 516 642 551 eorum,
673 501 748 559 qui
770 501 1094 560 philosophiam
1114 509 1157 543 et
1176 501 1445 560 theologiam
1471 517 1597 543 nove-

101 580 219 614 runt.
242 573 351 616 Nam
379 572 574 630 prelatus
597 588 685 614 non
708 572 848 614 solum
876 589 955 631 per
976 573 1100 624 alios,
1121 572 1200 615 sed
1221 573 1366 623 etiam,
1392 581 1439 614 ut
1459 573 1597 632 magis

101 651 271 686 moveat
291 652 335 685 et
357 643 533 685 edificet
559 659 607 685 ac
627 643 850 694 timeatur,
882 660 961 702 per
989 661 1034 686 se
1059 645 1203 703 ipsum
1225 644 1367 686 facere
1396 644 1528 686 debet
1549 660 1598 686 ea

101 731 187 773 que
219 714 446 773 pertinent
483 714 538 756 ad
583 714 839 757 felicitatem
878 716 1261 774 contemplativam
1308 725 1351 758 et
1396 716 1594 766 activam,

98 787 220 844 juxta
235 785 346 828 illud
358 786 540 828 verbum
563 786 791 846 Evangelii
804 785 815 807 ¹
835 803 842 828 :
870 787 990 846 Cepit
1008 789 1040 830 J
1040 788 1169 830 laesus
1193 787 1348 842 facere
1367 798 1407 829 et
1427 789 1592 829 (locere.

103 857 222 900 Licet
259 857 474 916 scriptum
508 865 574 900 est
607 874 686 916 per
722 874 973 916 supremum
1007 859 1288 901 advocatum:
1325 860 1474 901 Marta
1515 874 1596 900 me-

103 929 252 971 liorem
284 939 456 988 partem
491 930 746 988 elegit‚·que
775 946 862 972 non
899 930 1132 982 auferetur
1159 932 1214 972 ab
1236 947 1304 985 ea,
1335 939 1481 972 tamen
1513 930 1597 972 hoc

102 1015 192 1042 non
213 999 377 1042 sufficit
397 1000 580 1058 prelatis
610 1000 756 1058 quoad
782 1001 999 1044 subditos.

164 1071 212 1114 Si
238 1071 433 1130 prelatus
460 1071 565 1114 velit
590 1072 786 1114 totaliter
812 1072 866 1115 ad
892 1073 1030 1116 instar
1063 1074 1201 1116 Marie
1235 1073 1597 1132 contemplationi

101 1159 269 1193 vacare,
295 1143 427 1186 debet
454 1143 716 1203 religionem
748 1144 816 1186 vel
856 1145 1084 1188 heremum
1119 1146 1300 1196 intrare,
1337 1146 1596 1204 prelationis

101 1214 266 1274 virgam
293 1214 418 1257 alteri
446 1215 726 1258 dimittendo.
759 1217 812 1257 Et
843 1217 877 1258 si
906 1216 1062 1274 prelati
1089 1217 1221 1260 vitam
1255 1226 1485 1276 utramque
1519 1234 1595 1277 ge-

101 1302 214 1337 rere,
246 1294 289 1328 et
318 1286 560 1329 secundum
591 1302 663 1328 eas
695 1287 939 1330 beatificari
974 1296 1198 1339 tenentur,
1237 1288 1401 1331 debent
1436 1289 1597 1331 instrui

101 1357 146 1399 in
163 1357 491 1416 pertinentibus
519 1357 574 1400 ad
595 1362 841 1416 utramque,
865 1359 907 1401 in
935 1367 1105 1402 tantum
1134 1360 1253 1418 quod
1278 1360 1334 1402 sit
1358 1361 1596 1403 verisimile

102 1428 187 1470 sibi
221 1428 426 1471 sufficere
457 1445 604 1487 posse,
651 1438 783 1488 prout
816 1430 1004 1473 humana
1043 1431 1256 1490 fragilitas
1295 1441 1442 1490 potest
1476 1449 1595 1474 com-

101 1500 379 1558 prehendere
406 1508 450 1542 et
472 1501 705 1559 adquirere
733 1502 923 1544 sciencie
958 1503 1210 1555 notionem3
1248 1503 1292 1545 in
1327 1520 1409 1562 qua
1439 1504 1595 1562 adqui-

102 1571 261 1614 sitione
307 1580 350 1614 et
389 1571 657 1614 sufficiencia
696 1573 986 1616 scienciarum
1024 1574 1171 1616 nullus
1211 1575 1343 1617 debet
1382 1575 1513 1617 finem
1553 1584 1595 1618 et

101 1642 419 1701 perfectionem
458 1660 706 1702 supremam
745 1661 984 1703 apponere,
1032 1654 1078 1687 ut
1125 1646 1322 1704 quiescat
1372 1655 1594 1705 tamquam

103 1713 372 1756 sufficienter
409 1714 683 1767 instructus3
721 1716 927 1774 quoniam
971 1733 1060 1759 non
1105 1726 1252 1775 potest
1296 1735 1392 1760 esse
1430 1719 1475 1760 in
1511 1719 1594 1760 hoc

102 1785 266 1828 mundo
295 1787 526 1845 quisquam
552 1795 640 1828 tam
674 1787 898 1845 perfectus
926 1788 1032 1846 quin
1066 1789 1209 1847 ipsum
1237 1790 1395 1831 instrui
1423 1789 1595 1847 perfec—

103 1856 189 1899 tius
217 1857 460 1916 expediret.
495 1858 625 1901 Solus
655 1859 775 1900 Deus
806 1859 851 1901 in
888 1859 974 1901 fine
1011 1868 1054 1902 et
1087 1861 1276 1903 termino
1310 1861 1595 1919 perfectionis

104 1943 200 1970 esse
221 1937 381 1986 potest.
1446 1924 1451 1927 ¹

165 2073 302 2124 [XLIX]
338 2069 418 2115 79.
457 2071 505 2113 In
537 2071 854 2115 mathematicis
881 2089 983 2116 vero
1005 2073 1208 2118 scienciis
1238 2084 1420 2134 propter
1446 2075 1596 2135 plures
1627 2077 1858 2114 Mssfflmffl‘lueffi

107 2156 255 2182 earum
271 2141 498 2193 utilitates,
523 2143 733 2201 precipue
753 2151 890 2186 tactas
912 2145 956 2187 in
979 2145 1130 2188 libello
1151 2148 1294 2206 Super
1316 2148 1598 2190 utilitatibus²

107 2211 361 2270 hujusmodi
393 2213 593 2256 confecto
621 2230 700 2272 per
728 2214 906 2258 fratrem
936 2218 1156 2276 Rogerum
1186 2220 1333 2261 Bacon
1361 2219 1415 2261 de
1442 2219 1598 2262 ordine

108 2283 346 2334 Minorum,
392 2284 596 2342 expediet
641 2285 812 2344 aliquos
863 2288 993 2346 hujus
1045 2290 1308 2347 provisionis
1359 2290 1599 2349 discipulos

109 2354 283 2405 instrui,
314 2364 446 2413 prout
466 2356 511 2397 in
532 2356 620 2398 illis
637 2357 858 2415 sapientes
872 2359 1143 2402 commodius
1159 2368 1201 2402 et
1223 2361 1398 2403 brevius
1413 2362 1604 2404 viderint

113 2425 321 2484 expedire
339 2444 347 2478 ;
379 2427 422 2468 in
443 2427 530 2469 illis
553 2443 637 2485 que
663 2429 876 2486 prodesse
904 2439 1112 2488 poterunt
1133 2431 1187 2473 ad
1203 2432 1543 2490 adquisitionem
1564 2441 1606 2475 et

112 2498 490 2540 conservationem
521 2500 656 2541 Terre
695 2500 856 2543 Sancte
882 2502 1029 2560 potius
1058 2503 1318 2546 insistendo.
1354 2504 1607 2558 Quemlibet

112 2568 377 2611 catholicum
404 2570 638 2627 presertim
667 2569 883 2614 litteratos
913 2573 1090 2631 expedit
1125 2590 1395 2633 cognoscere
1424 2575 1602 2634 figuras,

161 2705 196 2738 1.
223 2703 349 2746 Actes,
374 2706 403 2746 1,
428 2708 459 2740 1.

161 2752 194 2785 2.
223 2751 255 2786 Il
269 2752 379 2798 s'agit
392 2754 437 2787 de
451 2753 485 2787 la
499 2754 534 2788 4·
548 2754 669 2800 partie
688 2755 733 2790 de
749 2754 882 2804 l‘Opus
900 2758 1026 2805 majus
1039 2757 1101 2803 (E.
1117 2757 1291 2800 Charles‚
1309 2771 1369 2806 op.
1387 2758 1465 2799 cit.,
1482 2771 1518 2804 p.
1534 2759 1605 2805 60);

112 2798 159 2832 ef.
185 2799 400 2834 ei-dessous
421 2802 439 2846 ἓ
458 2802 515 2836 84.

317 2876 435 2910 Pierre
456 2877 597 2911 Dubois.
1376 2883 1396 2914 5
