1942 3242
142 340 260 367 Mnniere
287 340 319 366 de
348 343 390 366 re-

160 377 218 409 gler
231 376 267 402 les
278 376 390 402 difficul-

161 415 211 438 ἰός
228 412 282 447 qui
298 421 389 448 pour-

159 449 244 474 r.=ient
254 448 343 483 surgir
353 448 388 474 dn

158 486 216 510 cote
237 484 271 510 ιίιι
294 484 333 510 roi
355 484 388 510 de

159 519 272 554 Chypre.

412 253 474 285 140
957 255 1140 286 PIERRE
1171 256 1360 289 DUBOIS.

474 342 555 387 11.
598 343 646 385 Si
680 343 838 401 aliquis
867 343 1003 385 dicit:
1043 361 1064 384 «
1092 345 1224 387 Forte
1260 361 1336 388 rex
1369 346 1490 405 Cipri
1521 350 1731 406 premissa
1763 351 1906 395 facere

410 414 632 456 recusabit
662 431 701 464 ³),
727 414 988 472 responderi
1015 424 1161 473 potest
1188 417 1306 474 quod
1327 433 1414 460 non
1436 427 1502 460 est
1518 420 1770 471 verisimile,
1797 439 1906 481 quo-

410 486 526 527 niam
548 486 659 544 ipse,
694 502 874 528 uxorem
903 495 945 528 et
972 487 1136 529 liberos
1169 504 1257 530 non
1287 490 1471 540 habens,
1508 491 1550 533 in
1581 492 1783 535 domibus
1815 496 1904 537 suis

405 557 573 614 jamdiu
591 565 657 599 est
676 557 899 617 religiose,
919 567 961 599 et
983 559 1027 600 in
1041 560 1411 618 contemplatione
1430 562 1574 605 vivere
1597 565 1837 616 consuevit,
1862 575 1905 608 et

410 628 543 670 frater
565 644 668 670 suus
696 630 750 671 ab
787 629 995 672 intestato
1029 631 1112 672 sibi
1150 647 1432 674 successurus
1464 634 1644 676 abstulit
1681 636 1734 677 ab
1773 653 1825 678 eo
1862 646 1904 680 et

409 700 555 758 rapuit
580 701 812 743 thesauros
830 717 909 759 per
928 702 1070 760 ipsum
1098 718 1248 762 regem
1276 704 1332 745 ob
1362 706 1741 763 recuperationem
1770 710 1904 752 Terre

412 773 573 814 Sancte
613 781 923 831 congregatos,
961 781 1003 815 et
1036 774 1179 832 ipsum
1210 791 1392 834 regnum
1424 777 1586 834 injuste
1614 778 1735 820 nisus
1766 787 1832 821 est
1861 788 1904 822 et

410 842 566 885 nititur
597 843 805 886 invadere
834 852 876 886 et
904 844 1092 887 aufferre
1127 845 1332 888 feloniam
1365 848 1698 900 committendo,
1728 851 1781 892 ab
1810 853 1902 909 ejus

411 914 691 957 successione
728 931 773 957 se
814 915 1045 975 indignum
1074 916 1291 968 faciendo,
1322 918 1367 960 in
1395 928 1580 961 mortem
1615 921 1754 979 ipsius
1785 923 1903 981 regis

409 984 576 1044 pluries
618 987 928 1038 machinando,
978 996 1020 1029 et
1060 988 1113 1030 ad
1156 989 1298 1047 ipsum
1338 991 1628 1033 occidendum
1670 993 1899 1036 mittendo.

411 1059 555 1115 Super
594 1074 681 1116 quo
715 1058 944 1116 expediret
978 1059 1121 1117 ipsum
1157 1077 1304 1120 regem
1345 1062 1467 1120 Cipri
1498 1079 1549 1105 ex
1584 1072 1707 1122 parte
1736 1064 1902 1107 domini

408 1144 520 1186 pape
548 1137 591 1171 et
620 1138 788 1171 secrete
814 1139 857 1172 et
888 1130 975 1172 cito
1005 1131 1279 1190 interpellari
1309 1149 1388 1191 per
1417 1134 1606 1192 aliquem
1641 1137 1899 1194 sapientem,

409 1215 506 1242 cum
545 1209 832 1258 procuratore
869 1218 998 1260 quem
1037 1203 1171 1245 habet
1200 1204 1315 1246 idem
1362 1221 1437 1247 rex
1475 1206 1519 1247 in
1551 1207 1668 1248 curia
1705 1223 1899 1258 romana,

407 1271 612 1314 videlicet
633 1273 863 1315 Bomondo
885 1273 1003 1315 dicto
1025 1274 1185 1325 Bonin,
1210 1275 1362 1318 milite.
1395 1278 1448 1318 Et
1476 1286 1521 1319 ut
1544 1279 1689 1320 omnia
1717 1279 1770 1320 de
1798 1295 1902 1321 con-

408 1359 540 1385 sensu
556 1343 728 1395 fierent,
745 1353 845 1402 post
860 1345 1108 1404 ingressum
1125 1346 1356 1406 religionis
1375 1356 1417 1389 et
1434 1348 1587 1390 factam
1602 1349 1899 1400 donationem,

408 1422 455 1456 ut
490 1415 616 1474 briga
650 1416 845 1458 totaliter
881 1417 1127 1467 tolleretur,
1167 1418 1394 1476 expediret
1422 1419 1545 1461 fratri
1582 1420 1688 1463 dicti
1719 1422 1836 1480 regis
1858 1422 1900 1463 in

409 1488 542 1528 Terra
561 1487 867 1544 promissionis
894 1489 961 1530 vel
989 1489 1093 1530 alibi
1117 1489 1219 1531 dare
1241 1490 1404 1532 bonum
1426 1492 1694 1543 comitatum,
1718 1501 1766 1534 ut
1791 1501 1902 1535 tace-

408 1565 489 1599 ret.
523 1559 577 1599 Et
604 1559 641 1600 si
662 1574 738 1601 rex
760 1560 883 1617 Cipri
910 1560 994 1602 hoc
1022 1569 1262 1610 recusaret,
1294 1561 1496 1604 dominus
1524 1579 1601 1605 rex
1629 1564 1779 1606 Sicilie
1803 1566 1902 1622 jure

409 1645 487 1670 suo
520 1630 599 1680 uti,
630 1630 697 1672 vel
725 1631 869 1688 ipsum
897 1631 940 1673 in
970 1631 1100 1674 alium
1128 1633 1368 1675 transferre
1396 1643 1560 1692 posset.
1594 1637 1648 1677 Et
1675 1651 1820 1677 comes
1849 1635 1902 1677 de

409 1701 600 1743 Brainne
621 1703 831 1760 prosequi
858 1712 1009 1761 posset
1037 1705 1107 1762 jus
1142 1704 1261 1762 quod
1290 1705 1453 1747 habere
1487 1706 1648 1748 dicitur
1680 1707 1723 1748 in
1765 1723 1902 1766 regno

409 1772 547 1830 Cipri,
580 1773 615 1814 si
649 1773 792 1816 adhuc
823 1782 954 1825 extat,
988 1784 1034 1817 ut
1069 1775 1161 1817 fore
1195 1776 1404 1826 creditur,
1436 1778 1661 1819 hominum
1694 1779 1901 1820 memoria

408 1843 461 1885 de
488 1851 687 1902 tempore
721 1845 840 1904 quod
866 1846 981 1887 idem
1015 1863 1160 1889 comes
1196 1863 1382 1906 regnum
1414 1848 1548 1906 Cypri
1579 1849 1822 1899 habuisset,
1866 1849 1901 1891 si

407 1915 510 1958 illuc
532 1916 742 1959 accedere
770 1918 1000 1975 potuisset.
1028 1919 1138 1978 Regi
1158 1935 1260 1961 vero
1290 1919 1440 1961 Sicilie
1467 1919 1580 1961 ultra
1601 1921 1797 1978 precium
1821 1937 1901 1979 pro

407 2003 545 2046 regno
573 1988 814 2031 Jerusalem
843 1989 1033 2032 solutum
1060 1991 1257 2048 promitti
1285 1999 1434 2048 posset
1461 1996 1677 2049 [regnum]
1709 1992 1898 2042 Tunicii,

410 2058 563 2101 Sicilie
589 2068 675 2101 tam
717 2061 961 2118 proximum
997 2062 1115 2119 quod
1150 2062 1203 2103 de
1232 2078 1314 2103 una
1348 2070 1564 2104 terrarum
1599 2063 1678 2104 alia
1709 2063 1898 2113 videtur,

407 2130 612 2173 videlieet
638 2140 738 2189 post
765 2141 1055 2190 conquestum
1083 2133 1209 2192 regni
1231 2133 1470 2175 Jerusalem
1499 2150 1594 2175 cum
1620 2134 1756 2192 ipsius
1785 2136 1900 2193 regis

411 2202 560 2245 Sicilie
607 2203 783 2254 auxilio,
819 2220 898 2262 per
936 2220 1083 2263 regem
1123 2205 1361 2247 Jerusalem
1408 2214 1450 2246 et
1487 2206 1594 2247 alios
1641 2206 1896 2256 catholicos,

409 2274 579 2317 favente
606 2275 812 2325 Domino,
842 2276 1236 2334 conquestandum.
