1942 3242
341 210 402 243 120
887 215 1073 248 PIERRE
1101 217 1291 250 DUBOIS.

341 301 500 353 vando,
525 301 794 346 remittendo
826 302 1036 348 divitibus
1072 305 1273 366 ingratis,
1304 307 1407 366 quia
1438 325 1528 351 non
1553 310 1832 370 percipienti-

343 374 442 423 bus,
469 390 555 432 que
583 390 605 416 a
626 375 898 433 pauperibus
919 375 964 419 in
984 385 1128 420 totum
1143 378 1211 422 vel
1232 395 1312 437 pro
1334 396 1493 440 magna
1505 393 1630 439 parte
1651 383 1796 443 exegit
1815 384 1834 427 ἐ’

345 445 554 497 Ecclesia,
591 446 691 489 licet
712 447 792 488 hec
823 463 910 490 non
941 449 1156 508 percepit,
1185 461 1331 494 tamen
1358 463 1567 511 reputans
1601 469 1646 495 se
1685 471 1831 514 grava-

344 529 448 568 tam,
491 517 712 561 orationes
753 518 903 561 solitas
943 536 1024 578 pro
1070 521 1251 564 domino
1290 539 1394 582 rege
1437 524 1669 568 subtraxit.
1714 525 1833 570 Licet

345 588 551 632 dominus
573 606 650 633 rex
670 606 758 632 non
778 602 899 633 motu
922 592 1120 651 proprio,
1146 594 1224 636 sed
1245 594 1431 637 ducente
1453 612 1532 638 suo
1554 596 1752 648 consilio,
1772 597 1832 640 sic

344 661 626 719 processerit,
682 678 770 704 non
819 661 994 706 videtur
1034 665 1154 722 quod
1198 682 1276 724 per
1318 667 1401 708 hoc
1443 667 1676 710 consilium
1714 669 1832 728 apud

344 734 486 775 Deum
530 734 606 792 qui
647 735 794 777 omnia
832 737 953 779 videt
997 737 1138 779 valeat
1179 753 1312 796 super
1352 738 1438 780 hiis
1478 740 1691 791 excusari,
1731 756 1830 783 cum

344 804 479 848 fuerit
505 806 753 865 negligens,
786 808 931 851 minus
965 809 1082 850 bono
1108 809 1292 851 consilio
1320 810 1492 861 stando,
1524 811 1690 853 bonum
1722 829 1832 871 que-

343 893 441 919 rere
475 877 769 930 obmittendo,
811 879 1079 922 remittendo
1121 880 1387 923 debentibus
1417 882 1538 939 quod
1571 882 1774 942 exigebat
1810 900 1833 926 a

343 965 432 991 non
470 949 776 1002 debentibus¹,
807 967 922 1002 cum,
957 951 1111 994 ordine
1142 952 1340 1010 predicto
1375 964 1560 1004 servato,
1598 970 1686 996 non
1709 954 1830 1006 alias,

343 1020 400 1063 sit
426 1022 701 1065 retrobannii
739 1033 782 1064 et
821 1023 1001 1066 ecclesie
1037 1023 1249 1066 auxilium
1288 1024 1605 1082 postulandum
1641 1037 1684 1069 et
1722 1026 1833 1069 reci·

343 1091 573 1151 piendum.

403 1241 574 1291 [LXXIX]
612 1237 729 1283 130.
761 1240 844 1280 Per
884 1238 1099 1297 premissa
1123 1238 1226 1281 satis
1265 1250 1385 1298 patet
1411 1240 1531 1298 quod
1566 1241 1649 1283 hoc
1680 1240 1835 1283 ordine

347 1319 518 1351 servato
554 1309 735 1367 procedi
776 1309 1003 1352 debuisset
1034 1322 1076 1352 et
1112 1311 1316 1360 debebat,
1362 1311 1465 1369 quia
1503 1311 1668 1371 ubique
1705 1312 1837 1355 debet

347 1396 443 1422 esse
473 1380 598 1431 ordo,
635 1392 921 1440 preterquam
965 1381 1009 1423 in
1041 1381 1228 1433 inferno,
1271 1383 1364 1434 ubi,
1401 1394 1533 1441 prout
1565 1383 1623 1426 ait
1659 1395 1835 1426 sanctus

346 1451 456 1494 Job²
486 1469 495 1493 ;
549 1453 711 1497 Nullus
765 1455 887 1506 ordo,
927 1455 1005 1496 sed
1052 1458 1337 1513 sempiternus
1393 1455 1551 1497 horror
1600 1455 1831 1498 inhabitat.

343 1523 562 1567 Videlicet
588 1535 651 1575 ut,
686 1541 785 1567 cum
820 1524 1069 1568 imminebit
1106 1525 1386 1578 neccessitas,
1421 1526 1627 1569 dominus
1662 1543 1754 1578 rex,
1789 1538 1839 1570 ut

346 1595 492 1638 nullos
516 1595 718 1638 subditos
745 1608 910 1656 gravet,
941 1597 1172 1655 provideat
1192 1597 1276 1640 sibi
1299 1597 1352 1640 de
1370 1597 1694 1657 pugnatoribus
1716 1597 1837 1641 suffi-

348 1667 536 1719 cienter,
567 1679 702 1726 prout
726 1679 1029 1711 antecessores
1062 1670 1130 1712 sui
1157 1669 1463 1728 providebant,
1501 1681 1736 1728 antequam
1767 1669 1836 1712 ad·

349 1739 580 1797 quirerent
625 1740 834 1783 ducatum
880 1740 1166 1791 Normannie,
1218 1757 1299 1783 nec
1344 1757 1432 1783 non
1478 1740 1585 1783 alios
1632 1741 1833 1791 ducatus,

347 1811 600 1862 comitatus,
631 1812 834 1854 baronias
862 1823 906 1854 et
926 1812 1008 1854 alia
1036 1812 1163 1854 seoda
1185 1828 1270 1871 que
1288 1812 1572 1871 postmodum
1595 1812 1837 1871 adquisive-

347 1894 452 1926 runt
479 1894 579 1925 ante
614 1883 775 1942 ipsum,
806 1895 849 1926 et
876 1884 970 1942 ipse
999 1900 1079 1926 suo
1107 1895 1336 1942 tempore;
1369 1884 1653 1943 postmodum
1688 1884 1838 1943 provi-

349 1955 449 1997 deat
477 1954 561 1997 sibi
589 1972 668 2014 pro
691 1955 831 1998 feodis
859 1956 1142 2014 postmodum
1165 1955 1414 2014 adquisitis,
1439 1967 1572 2014 prout
1593 1955 1676 1998 sibi
1697 1955 1838 2014 provi-

349 2027 506 2069 derent
534 2027 606 2068 alii
633 2027 784 2077 duces,
814 2027 1014 2078 comites,
1044 2039 1086 2069 et
1114 2029 1318 2078 barones,
1356 2027 1392 2069 si
1420 2027 1573 2069 eadem
1603 2039 1836 2080 tenerent3

350 2098 525 2156 sibique
544 2098 772 2156 provideat
800 2099 854 2141 de
882 2099 1042 2141 talibus
1071 2099 1147 2157 qui
1176 2115 1397 2141 armorum
1429 2098 1610 2141 servicia
1647 2115 1735 2141 non
1768 2099 1838 2141 de-

349 2172 497 2220 beant,
525 2170 670 2212 taliter
692 2170 813 2228 quod
845 2182 1053 2228 appareat
1090 2182 1138 2213 ut
1169 2187 1256 2212 non
1279 2171 1527 2229 prejudicet
1561 2170 1767 2222 subditis,
1798 2182 1840 2213 et

349 2258 403 2284 ne
444 2253 598 2301 gravet
633 2259 724 2293 eos,
766 2242 1014 2285 subsidium
1055 2242 1246 2300 petendo
1299 2258 1397 2284 cum
1440 2259 1647 2284 neccesse
1686 2242 1835 2285 fuerit.

350 2314 569 2367 Quoniam
599 2331 686 2357 non
708 2315 850 2358 solum
879 2314 1122 2357 cavendum
1144 2325 1210 2356 est
1237 2314 1348 2356 male
1376 2331 1522 2373 agere,
1553 2314 1631 2356 sed
1657 2330 1713 2356 ne
1740 2314 1839 2372 quis

396 2454 430 2486 1.
460 2451 638 2486 L'auteur
658 2464 725 2485 use
758 2452 931 2498 toujours
962 2451 1048 2485 d'un
1079 2451 1283 2485 audacieux
1317 2451 1587 2496 franc-parler:
1619 2452 1670 2484 De
1700 2449 1836 2491 abrev„

350 2499 412 2533 fol.
437 2501 457 2534 3
475 2507 537 2532 v⁰:
563 2514 581 2532 «
604 2500 772 2544 Populus
794 2500 901 2545 regni
923 2500 1166 2538 Francorum,
1189 2510 1446 2532 rememorans
1468 2510 1578 2544 reges
1600 2498 1662 2544 qui
1682 2509 1838 2542 reguum

349 2548 565 2592 hujusmodi
587 2548 767 2581 hacteuus
789 2547 1096 2593 gubernaverunt
1119 2553 1229 2592 prout
1257 2558 1385 2579 verum
1419 2547 1487 2579 fuit
1510 2546 1673 2591 optimos
1710 2546 1838 2579 muudi

349 2595 465 2628 fuisse
485 2600 653 2628 rectores
673 2596 803 2640 populi
825 2601 860 2628 et
888 2595 1046 2628 ecclesie
1076 2595 1311 2633 defensores,
1347 2594 1506 2627 forsitan
1536 2593 1676 2627 diceret
1698 2599 1734 2626 ct
1766 2593 1840 2626 cla·
1887 2624 1891 2627 ,

350 2648 467 2676 max-et
490 2642 628 2688 ubique
648 2656 653 2675 :
679 2656 697 2675 «
719 2655 847 2688 regem
874 2655 949 2675 non
982 2655 1049 2688 pro
1078 2641 1189 2676 nobis
1214 2648 1270 2675 set
1291 2648 1419 2675 contra
1439 2654 1510 2674 nos
1533 2639 1738 2678 habemus:
1763 2653 1837 2673 non

350 2696 494 2731 nostra,
517 2691 582 2724 sed
606 2703 671 2723 sua
691 2692 847 2724 comoda
867 2690 1064 2736 perquirit,
1090 2690 1311 2735 sanguinem
1324 2695 1494 2723 nostrum
1511 2688 1650 2721 effundi
1667 2689 1838 2722 faciendo

350 2743 385 2771 ct
407 2737 505 2771 bona
528 2744 659 2771 nostra
682 2739 874 2776 consumi;
899 2751 917 2770 »
940 2744 976 2771 et
995 2738 1155 2771 forsitan
1178 2738 1292 2770 multa
1315 2737 1483 2771 dicerent
1504 2742 1540 2769 et
1566 2742 1746 2780 rogarent
1767 2747 1838 2782 que

351 2786 461 2819 homo
483 2798 572 2819 sane
594 2786 742 2827 mentis,
768 2786 910 2820 sciente
926 2786 1030 2832 regia
1052 2786 1260 2834 majestate,
1282 2785 1441 2820 recitare
1462 2796 1537 2820 non
1557 2784 1712 2819 auderet
1733 2796 1766 2816 ».

398 2835 431 2872 2.
461 2832 546 2874 Job‚
571 2834 616 2874 X,
641 2835 697 2870 22.
