1942 3242
417 231 476 264 DE
505 229 926 263 RECUPERATIONE
957 229 1119 263 TERRE
1151 230 1351 263 SANCTE.
1568 230 1629 263 109

138 330 256 373 runt,
288 321 342 364 de
370 321 486 364 facili
514 329 795 363 moverentur
822 330 863 365 et
890 329 1297 379 corrumperentur,
1325 328 1374 362 ut
1388 319 1629 378 proderent

139 401 182 436 et
212 393 470 451 deciperent
502 408 614 450 quos
649 393 733 434 sibi
767 400 976 450 terreque
1009 391 1074 434 illi
1108 393 1318 434 barbaros
1352 400 1625 450 reputarent.

140 464 373 520 Quomodo
394 464 612 523 potuisset
634 465 787 506 beatus
809 463 973 506 Paulus
997 471 1040 505 et
1061 463 1134 506 alii
1156 463 1360 521 apostoli,
1377 463 1455 521 qui
1476 479 1630 505 omnes

139 545 264 579 erant
284 535 433 586 Ebrei,
466 535 602 577 solam
631 537 861 594 ebraycam
885 534 1083 593 linguam
1110 543 1197 577 tam
1227 535 1462 577 litteratam
1499 550 1630 592 quam

141 615 383 650 maternam
411 607 601 665 partium
624 606 867 650 Jerusalem
890 614 1224 665 cognoscentes,
1250 607 1457 648 omnibus
1480 606 1630 648 barba—

142 680 202 722 ris
237 678 488 721 nationibus
511 677 828 737 Euvangelium
863 678 945 720 Dei
966 677 1195 736 predicare
1221 677 1564 736 intelligibiliter
1591 687 1634 718 et

143 751 317 801 docere,
347 749 432 792 nisi
471 751 592 792 Deus
621 749 716 808 ipse
749 749 1007 791 exercitium
1041 749 1237 791 omnium
1267 749 1519 808 linguarum
1555 748 1631 791 de-

143 822 279 864 disset
299 821 500 864 eisdem?
531 820 650 863 Alias
677 837 765 863 non
796 821 1046 879 potuissent
1073 837 1172 863 cum
1201 821 1399 863 barbaris
1431 836 1631 862 commu-

143 893 304 936 nicare.
342 894 432 935 Hoc
470 892 727 935 exercitium
759 904 801 934 et
845 893 1071 934 notionem
1113 892 1366 952 linguarum
1397 893 1629 942 habentes,

144 964 284 1007 modis
312 964 518 1007 omnibus
534 971 740 1022 opportet
760 975 802 1006 et
830 963 1008 1022 expedit
1035 964 1110 1006 diu
1138 976 1238 1006 ante
1265 963 1526 1022 providere3
1550 964 1634 1005 hoc

143 1036 260 1078 enim
289 1047 370 1086 est,
401 1035 522 1094 quod
545 1052 626 1094 pro
648 1052 770 1087 auro,
796 1047 997 1094 argento,
1023 1047 1066 1078 et
1085 1036 1272 1094 gemmis
1290 1047 1395 1078 tunc
1418 1034 1635 1078 sufficien-

145 1118 210 1149 ter
248 1107 435 1166 reperiri
473 1123 561 1149 non
597 1118 763 1165 posset.
796 1107 966 1149 Idcirco
995 1107 1125 1149 modo
1163 1108 1412 1166 prescripto
1445 1107 1512 1149 vel
1551 1106 1636 1148 alio

145 1178 315 1221 meliori
344 1195 420 1221 seu
449 1178 650 1229 faciliori,
675 1179 759 1220 hoc
781 1179 973 1237 expedit,
998 1190 1234 1238 antequam
1255 1179 1401 1221 veniat
1422 1178 1636 1221 neccessi-

144 1261 224 1301 tas,
248 1266 506 1309 procurare.

203 1397 380 1446 [LXXIII]
407 1392 522 1438 118.
559 1393 779 1447 Quatinus
800 1409 903 1435 vero
924 1394 1118 1452 pertinet
1140 1393 1194 1435 ad
1219 1393 1448 1436 dominum
1485 1409 1635 1453 regem

147 1475 317 1506 certum
346 1475 411 1506 est
451 1464 571 1522 quod
610 1464 735 1507 multi
769 1476 997 1523 opponent
1031 1477 1074 1507 et
1113 1467 1471 1516 murmurabunt,
1518 1465 1638 1523 quod

147 1535 354 1578 dominus
387 1552 464 1578 rex
490 1552 577 1578 non
604 1547 754 1594 posset
785 1537 1015 1578 commode
1053 1548 1117 1579 tot
1151 1548 1478 1596 conquestuum
1510 1537 1638 1579 susti-

148 1623 253 1649 nere
274 1607 461 1658 labores,
492 1623 573 1650 nec
595 1618 659 1650 tot
677 1609 916 1667 subjugare
944 1608 1175 1651 bellicosas
1197 1609 1419 1667 regiones,
1453 1619 1496 1650 et
1517 1608 1578 1650 sic
1600 1607 1639 1650 ei

150 1690 235 1721 tam
278 1695 434 1738 magna
473 1679 682 1721 invadere>
711 1695 799 1721 non
844 1679 1087 1738 expediret.
1125 1680 1193 1722 Ad
1229 1680 1313 1723 hoc
1350 1679 1642 1738 probabiliter

150 1750 410 1809 responderi
453 1761 622 1809 potest:
658 1751 899 1793 Dominum
933 1767 1082 1810 regem
1123 1751 1177 1794 ad
1210 1767 1367 1811 magna
1406 1767 1558 1793 vacare
1599 1761 1642 1792 et

151 1822 303 1864 eadem
348 1822 530 1881 aggredi
557 1822 750 1880 expedit,
782 1824 907 1880 juxta
951 1822 1063 1864 illud
1105 1823 1370 1882 legislatoris
1406 1822 1642 1866 Justiniani

153 1893 292 1951 quiin
318 1894 538 1952 principio
567 1894 632 1936 sui
679 1893 782 1935 libri
820 1894 880 1936 ait
909 1910 916 1935 ε
973 1894 1205 1953 Occupatis
1232 1895 1355 1937 nobis
1373 1898 1491 1936 cirea
1515 1897 1644 1936 totius

154 1965 384 2022 reipublice
410 1981 558 2017 curas,
583 1975 623 2006 ec
648 1965 784 2007 nichil
814 1981 976 2023 parum
1009 1966 1264 2024 eligentibus
1308 1970 1515 2025 cogitare,
1557 1974 1638 2007 etc.

215 2037 262 2079 Si
283 2035 399 2078 enim
423 2036 611 2094 quilibet
637 2036 844 2094 princeps
873 2036 1004 2079 debet
1035 2053 1130 2079 esse
1161 2037 1438 2097 magnificus,
1464 2053 1644 2096 magna-

156 2106 318 2157 nimus,
349 2123 506 2166 magna
536 2106 699 2149 donare
726 2107 873 2158 debet,
917 2108 1056 2151 multo
1096 2108 1253 2151 fortius
1280 2110 1352 2151 hic
1393 2125 1523 2168 quam
1571 2108 1645 2150 alii

155 2178 288 2220 debet
314 2194 409 2220 esse
437 2178 550 2220 talis.
581 2204 638 2210 —
658 2180 822 2223 Verum
851 2190 918 2221 est
938 2179 1058 2238 quod
1088 2191 1209 2222 tanto
1232 2181 1326 2240 regi
1353 2180 1646 2239 personaliter

156 2247 333 2291 difficile
366 2260 410 2291 et
447 2250 747 2307 periculosum
800 2261 866 2292 est
897 2251 1163 2310 obstagiare‚
1200 2252 1366 2294 bellum
1409 2267 1645 2294 commune

158 2319 324 2364 subire.

217 2392 341 2434 Unus
363 2392 479 2434 enim
509 2392 563 2434 de
591 2392 799 2436 fratribus
836 2393 1060 2444 suis‚filiis
1087 2405 1131 2436 et
1164 2395 1506 2454 consanguineis
1535 2396 1647 2452 ejus-

160 2462 257 2505 dem
287 2463 516 2521 principis,
541 2479 640 2506 cum
662 2465 947 2522 paucioribus
976 2466 1188 2524 impensis
1211 2477 1254 2508 et
1284 2466 1493 2525 periculis
1515 2482 1646 2525 quam

162 2535 271 2592 ipse,
307 2546 456 2592 posset
483 2535 566 2576 hoc
594 2535 751 2586 facere,
782 2547 826 2578 et
852 2552 951 2578 cum
986 2537 1270 2595 paucioribus
1304 2538 1645 2596 pugnatoribu3‚

162 2605 206 2647 in
227 2605 363 2663 duplo
386 2622 461 2647 seu
486 2605 642 2663 triplo;
668 2623 747 2648 nec
767 2607 829 2648 sic
846 2607 988 2649 facere
1006 2619 1149 2650 tutum
1167 2620 1284 2651 esset
1304 2625 1385 2651 nec
1401 2609 1646 2667 expediret,

165 2676 247 2718 nisi
274 2675 389 2718 dicta
416 2677 607 2735 provisio
628 2678 748 2735 pacis
769 2679 989 2737 generalis
1018 2679 1264 2737 prodesset.

222 2748 440 2802 Quoniam
468 2748 704 2790 verisimile
725 2759 792 2790 est
814 2749 933 2807 quod
949 2750 1137 2792 rebelles
1159 2766 1247 2792 non
1270 2752 1496 2794 invenient
1517 2751 1650 2794 coad—

160 2819 346 2876 jutores,
377 2819 584 2876 quoniam
611 2835 763 2861 omnes
791 2820 924 2862 simili
951 2836 1063 2878 pena
1091 2822 1375 2879 punirentur,
1402 2839 1650 2866 excommu-

1658 1406 1804 1443 Objeetion.
1817 1407 1853 1433 Le
1866 1405 1905 1433 roi

1693 1453 1710 1470 n
1718 1453 1732 1470 e
1752 1444 1768 1470 d
1777 1452 1791 1470 o
1799 1443 1807 1469 i
1814 1448 1825 1470 t
1846 1451 1862 1479 p
1870 1451 1886 1468 a
1893 1451 1904 1468 ε

1693 1480 1837 1515 s’exposer.
