<?xml version="1.0" encoding="UTF-8"?>
<!DOCTYPE html PUBLIC "-//W3C//DTD XHTML 1.0 Transitional//EN"
    "http://www.w3.org/TR/xhtml1/DTD/xhtml1-transitional.dtd">
<html xmlns="http://www.w3.org/1999/xhtml" xml:lang="en" lang="en">
 <head>
  <title>
</title>
<meta http-equiv="Content-Type" content="text/html;charset=utf-8" />
  <meta name='ocr-system' content='tesseract 3.04.00' />
  <meta name='ocr-capabilities' content='ocr_page ocr_carea ocr_par ocr_line ocrx_word'/>
</head>
<body>
  <div class='ocr_page' id='page_1' title='image "./derecuperationet00dubouoft_0128.png"; bbox 0 0 1942 3242; ppageno 0'>
   <div class='ocr_carea' id='block_1_1' title="bbox 365 199 1313 259">
    <p class='ocr_par' dir='ltr' id='par_1_1' title="bbox 365 199 1313 259">
     <span class='ocr_line' id='line_1_1' title="bbox 365 199 1313 259; baseline 0.003 -3"><span class='ocrx_word' id='word_1_1' title='bbox 365 222 425 256; x_wconf 87' lang='lat'>100</span> <span class='ocrx_word' id='word_1_2' title='bbox 826 199 828 201; x_wconf 36' lang='lat'>¹</span> <span class='ocrx_word' id='word_1_3' title='bbox 910 225 1091 258; x_wconf 80' lang='lat' dir='ltr'>P1ERRE</span> <span class='ocrx_word' id='word_1_4' title='bbox 1120 225 1313 259; x_wconf 85' lang='lat' dir='ltr'><strong>DUBOIS.</strong></span> 
     </span>
    </p>
   </div>
   <div class='ocr_carea' id='block_1_2' title="bbox 353 314 1853 1520">
    <p class='ocr_par' dir='ltr' id='par_1_2' title="bbox 353 314 1853 1520">
     <span class='ocr_line' id='line_1_2' title="bbox 363 314 1853 375; baseline 0.005 -20"><span class='ocrx_word' id='word_1_5' title='bbox 363 314 483 371; x_wconf 87' lang='lat' dir='ltr'><strong>pacis</strong></span> <span class='ocrx_word' id='word_1_6' title='bbox 510 330 725 357; x_wconf 88' lang='lat' dir='ltr'>summam</span> <span class='ocrx_word' id='word_1_7' title='bbox 744 315 860 357; x_wconf 89' lang='lat' dir='ltr'>inter</span> <span class='ocrx_word' id='word_1_8' title='bbox 881 331 982 357; x_wconf 91' lang='lat' dir='ltr'>suos</span> <span class='ocrx_word' id='word_1_9' title='bbox 1007 315 1192 358; x_wconf 89' lang='lat' dir='ltr'>vicarios</span> <span class='ocrx_word' id='word_1_10' title='bbox 1219 315 1434 375; x_wconf 84' lang='lat' dir='ltr'><strong>largiente</strong></span> <span class='ocrx_word' id='word_1_11' title='bbox 1461 318 1758 370; x_wconf 84' lang='lat' dir='ltr'>concordiam,</span> <span class='ocrx_word' id='word_1_12' title='bbox 1784 335 1853 362; x_wconf 90' lang='lat' dir='ltr'>sa-</span> 
     </span>
     <span class='ocr_line' id='line_1_3' title="bbox 363 384 1853 446; baseline 0.005 -20"><span class='ocrx_word' id='word_1_13' title='bbox 363 384 549 427; x_wconf 89' lang='lat' dir='ltr'>lubriter</span> <span class='ocrx_word' id='word_1_14' title='bbox 577 386 844 444; x_wconf 90' lang='lat' dir='ltr'>conquievit.</span> <span class='ocrx_word' id='word_1_15' title='bbox 878 387 931 429; x_wconf 88' lang='lat' dir='ltr'>Et</span> <span class='ocrx_word' id='word_1_16' title='bbox 967 387 1174 445; x_wconf 89' lang='lat' dir='ltr'>quoniam</span> <span class='ocrx_word' id='word_1_17' title='bbox 1200 403 1312 446; x_wconf 90' lang='lat' dir='ltr'>papa</span> <span class='ocrx_word' id='word_1_18' title='bbox 1347 403 1555 430; x_wconf 86' lang='lat' dir='ltr'>romanus</span> <span class='ocrx_word' id='word_1_19' title='bbox 1586 389 1747 432; x_wconf 84' lang='lat' dir='ltr'>abusus</span> <span class='ocrx_word' id='word_1_20' title='bbox 1787 399 1853 433; x_wconf 85' lang='lat' dir='ltr'>est</span> 
     </span>
     <span class='ocr_line' id='line_1_4' title="bbox 363 458 1851 518; baseline 0.003 -19"><span class='ocrx_word' id='word_1_21' title='bbox 363 464 595 514; x_wconf 82' lang='lat' dir='ltr'>potestate,</span> <span class='ocrx_word' id='word_1_22' title='bbox 620 466 663 500; x_wconf 89' lang='lat' dir='ltr'>et</span> <span class='ocrx_word' id='word_1_23' title='bbox 689 458 773 500; x_wconf 93' lang='lat' dir='ltr'>hoc</span> <span class='ocrx_word' id='word_1_24' title='bbox 801 458 903 500; x_wconf 87' lang='lat' dir='ltr'>fecit</span> <span class='ocrx_word' id='word_1_25' title='bbox 923 458 968 500; x_wconf 91' lang='lat' dir='ltr'>in</span> <span class='ocrx_word' id='word_1_26' title='bbox 997 467 1207 517; x_wconf 88' lang='lat' dir='ltr'>quantum</span> <span class='ocrx_word' id='word_1_27' title='bbox 1237 460 1476 510; x_wconf 90' lang='lat' dir='ltr'>Romanus,</span> <span class='ocrx_word' id='word_1_28' title='bbox 1513 460 1691 518; x_wconf 89' lang='lat' dir='ltr'>expedit</span> <span class='ocrx_word' id='word_1_29' title='bbox 1717 469 1761 503; x_wconf 88' lang='lat' dir='ltr'>et</span> <span class='ocrx_word' id='word_1_30' title='bbox 1789 461 1851 504; x_wconf 90' lang='lat' dir='ltr'>di-</span> 
     </span>
     <span class='ocr_line' id='line_1_5' title="bbox 361 530 1852 591; baseline 0.003 -21"><span class='ocrx_word' id='word_1_31' title='bbox 361 543 497 587; x_wconf 87' lang='lat' dir='ltr'>gnum</span> <span class='ocrx_word' id='word_1_32' title='bbox 534 537 616 580; x_wconf 87' lang='lat' dir='ltr'>est,</span> <span class='ocrx_word' id='word_1_33' title='bbox 643 531 765 587; x_wconf 83' lang='lat' dir='ltr'>juxta</span> <span class='ocrx_word' id='word_1_34' title='bbox 793 530 1009 572; x_wconf 88' lang='lat' dir='ltr'>rationem</span> <span class='ocrx_word' id='word_1_35' title='bbox 1037 530 1189 572; x_wconf 88' lang='lat' dir='ltr'>statuti</span> <span class='ocrx_word' id='word_1_36' title='bbox 1217 539 1467 573; x_wconf 87' lang='lat' dir='ltr'>sanctorum</span> <span class='ocrx_word' id='word_1_37' title='bbox 1499 532 1694 583; x_wconf 87' lang='lat' dir='ltr'>Patrum,</span> <span class='ocrx_word' id='word_1_38' title='bbox 1733 533 1852 591; x_wconf 90' lang='lat' dir='ltr'>quod</span> 
     </span>
     <span class='ocr_line' id='line_1_6' title="bbox 362 600 1846 661; baseline 0.003 -19"><span class='ocrx_word' id='word_1_39' title='bbox 362 601 565 652; x_wconf 87' lang='lat' dir='ltr'>Romani,</span> <span class='ocrx_word' id='word_1_40' title='bbox 596 600 713 643; x_wconf 90' lang='lat' dir='ltr'>salvo</span> <span class='ocrx_word' id='word_1_41' title='bbox 735 609 778 643; x_wconf 89' lang='lat' dir='ltr'>et</span> <span class='ocrx_word' id='word_1_42' title='bbox 797 601 841 643; x_wconf 91' lang='lat' dir='ltr'>in</span> <span class='ocrx_word' id='word_1_43' title='bbox 865 601 1069 644; x_wconf 89' lang='lat' dir='ltr'>omnibus</span> <span class='ocrx_word' id='word_1_44' title='bbox 1098 602 1424 661; x_wconf 85' lang='lat' dir='ltr'>augmentando</span> <span class='ocrx_word' id='word_1_45' title='bbox 1451 611 1635 661; x_wconf 89' lang='lat' dir='ltr'>papatus</span> <span class='ocrx_word' id='word_1_46' title='bbox 1662 603 1846 655; x_wconf 82' lang='lat' dir='ltr'>honore,</span> 
     </span>
     <span class='ocr_line' id='line_1_7' title="bbox 360 672 1851 734; baseline 0.003 -20"><span class='ocrx_word' id='word_1_47' title='bbox 360 672 620 731; x_wconf 85' lang='lat' dir='ltr'>longissimo</span> <span class='ocrx_word' id='word_1_48' title='bbox 647 681 846 731; x_wconf 88' lang='lat' dir='ltr'>tempore</span> <span class='ocrx_word' id='word_1_49' title='bbox 873 673 1132 731; x_wconf 81' lang='lat' dir='ltr'>permittant</span> <span class='ocrx_word' id='word_1_50' title='bbox 1158 673 1283 716; x_wconf 85' lang='lat' dir='ltr'>inviti</span> <span class='ocrx_word' id='word_1_51' title='bbox 1315 681 1483 716; x_wconf 89' lang='lat' dir='ltr'>tantum</span> <span class='ocrx_word' id='word_1_52' title='bbox 1522 675 1737 717; x_wconf 89' lang='lat' dir='ltr'>honorem</span> <span class='ocrx_word' id='word_1_53' title='bbox 1770 691 1851 734; x_wconf 92' lang='lat' dir='ltr'>per</span> 
     </span>
     <span class='ocr_line' id='line_1_8' title="bbox 357 743 1849 804; baseline 0.001 -18"><span class='ocrx_word' id='word_1_54' title='bbox 357 743 466 786; x_wconf 88' lang='lat' dir='ltr'>tales</span> <span class='ocrx_word' id='word_1_55' title='bbox 488 745 684 786; x_wconf 86' lang='lat' dir='ltr'>exerceri</span> <span class='ocrx_word' id='word_1_56' title='bbox 705 745 780 803; x_wconf 88' lang='lat' dir='ltr'>qui</span> <span class='ocrx_word' id='word_1_57' title='bbox 802 761 1022 787; x_wconf 90' lang='lat' dir='ltr'>summum</span> <span class='ocrx_word' id='word_1_58' title='bbox 1051 745 1264 787; x_wconf 86' lang='lat' dir='ltr'>honorem</span> <span class='ocrx_word' id='word_1_59' title='bbox 1299 745 1656 788; x_wconf 88' lang='lat' dir='ltr'>christianissimi</span> <span class='ocrx_word' id='word_1_60' title='bbox 1682 746 1849 804; x_wconf 89' lang='lat' dir='ltr'>princi-</span> 
     </span>
     <span class='ocr_line' id='line_1_9' title="bbox 357 815 1848 875; baseline 0.001 -17"><span class='ocrx_word' id='word_1_61' title='bbox 357 815 424 874; x_wconf 90' lang='lat' dir='ltr'>pis</span> <span class='ocrx_word' id='word_1_62' title='bbox 455 832 610 874; x_wconf 90' lang='lat' dir='ltr'>rapere</span> <span class='ocrx_word' id='word_1_63' title='bbox 643 832 731 859; x_wconf 91' lang='lat' dir='ltr'>non</span> <span class='ocrx_word' id='word_1_64' title='bbox 771 816 995 869; x_wconf 84' lang='lat' dir='ltr'>nitantur3</span> <span class='ocrx_word' id='word_1_65' title='bbox 1033 817 1108 875; x_wconf 92' lang='lat' dir='ltr'>qui</span> <span class='ocrx_word' id='word_1_66' title='bbox 1153 832 1241 859; x_wconf 92' lang='lat' dir='ltr'>non</span> <span class='ocrx_word' id='word_1_67' title='bbox 1285 817 1601 859; x_wconf 83' lang='lat' dir='ltr'>transcendant</span> <span class='ocrx_word' id='word_1_68' title='bbox 1635 818 1848 861; x_wconf 85' lang='lat' dir='ltr'>terminos</span> 
     </span>
     <span class='ocr_line' id='line_1_10' title="bbox 357 887 1847 946; baseline 0.002 -17"><span class='ocrx_word' id='word_1_69' title='bbox 357 903 467 945; x_wconf 91' lang='lat' dir='ltr'>quos</span> <span class='ocrx_word' id='word_1_70' title='bbox 494 896 739 946; x_wconf 89' lang='lat' dir='ltr'>posuerunt</span> <span class='ocrx_word' id='word_1_71' title='bbox 774 887 923 931; x_wconf 86' lang='lat' dir='ltr'>Sancti</span> <span class='ocrx_word' id='word_1_72' title='bbox 951 890 1131 940; x_wconf 87' lang='lat' dir='ltr'>Patres3</span> <span class='ocrx_word' id='word_1_73' title='bbox 1168 888 1242 946; x_wconf 87' lang='lat' dir='ltr'>qui</span> <span class='ocrx_word' id='word_1_74' title='bbox 1277 888 1521 946; x_wconf 89' lang='lat' dir='ltr'>quemlibet</span> <span class='ocrx_word' id='word_1_75' title='bbox 1549 889 1755 931; x_wconf 89' lang='lat' dir='ltr'>Cesarem</span> <span class='ocrx_word' id='word_1_76' title='bbox 1802 890 1847 932; x_wconf 91' lang='lat' dir='ltr'>in</span> 
     </span>
     <span class='ocr_line' id='line_1_11' title="bbox 356 958 1844 1019; baseline 0.001 -18"><span class='ocrx_word' id='word_1_77' title='bbox 356 958 452 1001; x_wconf 90' lang='lat' dir='ltr'>loco</span> <span class='ocrx_word' id='word_1_78' title='bbox 475 975 552 1001; x_wconf 92' lang='lat' dir='ltr'>suo</span> <span class='ocrx_word' id='word_1_79' title='bbox 581 975 782 1018; x_wconf 85' lang='lat' dir='ltr'>regnare,</span> <span class='ocrx_word' id='word_1_80' title='bbox 806 975 961 1019; x_wconf 88' lang='lat' dir='ltr'>regere</span> <span class='ocrx_word' id='word_1_81' title='bbox 983 959 1161 1018; x_wconf 90' lang='lat' dir='ltr'>suisque</span> <span class='ocrx_word' id='word_1_82' title='bbox 1189 959 1316 1001; x_wconf 88' lang='lat' dir='ltr'>bonis</span> <span class='ocrx_word' id='word_1_83' title='bbox 1344 959 1536 1019; x_wconf 87' lang='lat' dir='ltr'>gaudere</span> <span class='ocrx_word' id='word_1_84' title='bbox 1558 961 1844 1018; x_wconf 84' lang='lat' dir='ltr'>permittant3</span> 
     </span>
     <span class='ocr_line' id='line_1_12' title="bbox 354 1031 1846 1091; baseline 0.001 -18"><span class='ocrx_word' id='word_1_85' title='bbox 354 1039 486 1089; x_wconf 89' lang='lat' dir='ltr'>prout</span> <span class='ocrx_word' id='word_1_86' title='bbox 506 1031 602 1073; x_wconf 89' lang='lat' dir='ltr'>fieri</span> <span class='ocrx_word' id='word_1_87' title='bbox 629 1031 792 1074; x_wconf 90' lang='lat' dir='ltr'>debere</span> <span class='ocrx_word' id='word_1_88' title='bbox 812 1032 1012 1090; x_wconf 87' lang='lat' dir='ltr'>precepit</span> <span class='ocrx_word' id='word_1_89' title='bbox 1026 1031 1224 1074; x_wconf 84' lang='lat' dir='ltr'>Salvator</span> <span class='ocrx_word' id='word_1_90' title='bbox 1251 1039 1417 1082; x_wconf 88' lang='lat' dir='ltr'>noster,</span> <span class='ocrx_word' id='word_1_91' title='bbox 1440 1031 1550 1074; x_wconf 90' lang='lat' dir='ltr'>sicut</span> <span class='ocrx_word' id='word_1_92' title='bbox 1572 1031 1846 1091; x_wconf 87' lang='lat' dir='ltr'>esvangelica</span> 
     </span>
     <span class='ocr_line' id='line_1_13' title="bbox 353 1102 1845 1162; baseline 0.001 -18"><span class='ocrx_word' id='word_1_93' title='bbox 353 1102 512 1145; x_wconf 90' lang='lat' dir='ltr'>veritas</span> <span class='ocrx_word' id='word_1_94' title='bbox 532 1103 616 1145; x_wconf 93' lang='lat' dir='ltr'>hoc</span> <span class='ocrx_word' id='word_1_95' title='bbox 636 1111 838 1154; x_wconf 82' lang='lat' dir='ltr'>testatur,</span> <span class='ocrx_word' id='word_1_96' title='bbox 863 1119 977 1153; x_wconf 85' lang='lat' dir='ltr'>cum,</span> <span class='ocrx_word' id='word_1_97' title='bbox 1002 1111 1184 1161; x_wconf 89' lang='lat' dir='ltr'>propter</span> <span class='ocrx_word' id='word_1_98' title='bbox 1204 1103 1447 1144; x_wconf 89' lang='lat' dir='ltr'>vittandum</span> <span class='ocrx_word' id='word_1_99' title='bbox 1471 1103 1740 1154; x_wconf 86' lang='lat' dir='ltr'>scandalum,</span> <span class='ocrx_word' id='word_1_100' title='bbox 1764 1119 1845 1162; x_wconf 90' lang='lat' dir='ltr'>pro</span> 
     </span>
     <span class='ocr_line' id='line_1_14' title="bbox 354 1174 1846 1234; baseline 0 -18"><span class='ocrx_word' id='word_1_101' title='bbox 354 1190 399 1216; x_wconf 91' lang='lat' dir='ltr'>se</span> <span class='ocrx_word' id='word_1_102' title='bbox 439 1182 482 1216; x_wconf 90' lang='lat' dir='ltr'>et</span> <span class='ocrx_word' id='word_1_103' title='bbox 519 1176 653 1217; x_wconf 87' lang='lat' dir='ltr'>Petro</span> <span class='ocrx_word' id='word_1_104' title='bbox 687 1174 873 1234; x_wconf 87' lang='lat' dir='ltr'>vectigal</span> <span class='ocrx_word' id='word_1_105' title='bbox 912 1174 1158 1217; x_wconf 89' lang='lat' dir='ltr'>indebitum</span> <span class='ocrx_word' id='word_1_106' title='bbox 1201 1174 1309 1216; x_wconf 90' lang='lat' dir='ltr'>solvi</span> <span class='ocrx_word' id='word_1_107' title='bbox 1347 1175 1562 1233; x_wconf 86' lang='lat' dir='ltr'>precepit,</span> <span class='ocrx_word' id='word_1_108' title='bbox 1609 1174 1760 1217; x_wconf 88' lang='lat' dir='ltr'>dicens</span> <span class='ocrx_word' id='word_1_109' title='bbox 1803 1183 1846 1217; x_wconf 87' lang='lat' dir='ltr'>et</span> 
     </span>
     <span class='ocr_line' id='line_1_15' title="bbox 354 1244 1844 1307; baseline 0 -19"><span class='ocrx_word' id='word_1_110' title='bbox 354 1247 485 1289; x_wconf 91' lang='lat' dir='ltr'>Petro</span> <span class='ocrx_word' id='word_1_111' title='bbox 513 1262 561 1288; x_wconf 86' lang='lat' dir='ltr'>ac</span> <span class='ocrx_word' id='word_1_112' title='bbox 583 1246 914 1288; x_wconf 88' lang='lat' dir='ltr'>successoribus</span> <span class='ocrx_word' id='word_1_113' title='bbox 956 1247 1050 1304; x_wconf 88' lang='lat' dir='ltr'>ejus</span> <span class='ocrx_word' id='word_1_114' title='bbox 1088 1245 1345 1304; x_wconf 87' lang='lat' dir='ltr'>relinquens</span> <span class='ocrx_word' id='word_1_115' title='bbox 1392 1246 1639 1304; x_wconf 85' lang='lat' dir='ltr'>exemplum</span> <span class='ocrx_word' id='word_1_116' title='bbox 1654 1244 1692 1307; x_wconf 43' lang='grc' dir='ltr'>ἷῑ</span> <span class='ocrx_word' id='word_1_117' title='bbox 1730 1247 1844 1289; x_wconf 80' lang='lat' dir='ltr'>Red-</span> 
     </span>
     <span class='ocr_line' id='line_1_16' title="bbox 353 1302 1842 1390; baseline -0.001 -30"><span class='ocrx_word' id='word_1_118' title='bbox 353 1319 440 1360; x_wconf 75' lang='lat' dir='ltr'>dite</span> <span class='ocrx_word' id='word_1_119' title='bbox 465 1333 548 1377; x_wconf 83' lang='lat' dir='ltr'>que</span> <span class='ocrx_word' id='word_1_120' title='bbox 574 1328 677 1360; x_wconf 80' lang='lat' dir='ltr'>sunt</span> <span class='ocrx_word' id='word_1_121' title='bbox 703 1318 880 1360; x_wconf 71' lang='lat' dir='ltr'>Cesaris</span> <span class='ocrx_word' id='word_1_122' title='bbox 908 1318 1076 1371; x_wconf 78' lang='lat' dir='ltr'>cesari,</span> <span class='ocrx_word' id='word_1_123' title='bbox 1102 1326 1143 1359; x_wconf 79' lang='lat' dir='ltr'>et</span> <span class='ocrx_word' id='word_1_124' title='bbox 1162 1333 1243 1376; x_wconf 85' lang='lat' dir='ltr'>que</span> <span class='ocrx_word' id='word_1_125' title='bbox 1266 1327 1369 1359; x_wconf 82' lang='lat' dir='ltr'>sunt</span> <span class='ocrx_word' id='word_1_126' title='bbox 1398 1319 1481 1359; x_wconf 74' lang='lat' dir='ltr'>Dei</span> <span class='ocrx_word' id='word_1_127' title='bbox 1506 1319 1610 1360; x_wconf 85' lang='lat' dir='ltr'>Deo.</span> <span class='ocrx_word' id='word_1_128' title='bbox 1629 1302 1705 1390; x_wconf 65' lang='lat' dir='ltr'>[Et</span> <span class='ocrx_word' id='word_1_129' title='bbox 1743 1333 1842 1360; x_wconf 88' lang='lat' dir='ltr'>curn</span> 
     </span>
     <span class='ocr_line' id='line_1_17' title="bbox 353 1388 1840 1448; baseline -0.001 -16"><span class='ocrx_word' id='word_1_130' title='bbox 353 1389 527 1432; x_wconf 88' lang='lat' dir='ltr'>lavisset</span> <span class='ocrx_word' id='word_1_131' title='bbox 554 1389 691 1448; x_wconf 89' lang='lat' dir='ltr'>pedes</span> <span class='ocrx_word' id='word_1_132' title='bbox 719 1389 1053 1447; x_wconf 89' lang='lat' dir='ltr'>discipulorum,</span> <span class='ocrx_word' id='word_1_133' title='bbox 1108 1388 1215 1431; x_wconf 72' lang='lat' dir='ltr'>ait2:</span> <span class='ocrx_word' id='word_1_134' title='bbox 1269 1389 1532 1447; x_wconf 77' lang='lat' dir='ltr'>Exemplum</span> <span class='ocrx_word' id='word_1_135' title='bbox 1571 1389 1672 1431; x_wconf 67' lang='lat' dir='ltr'>deda·</span> <span class='ocrx_word' id='word_1_136' title='bbox 1708 1389 1840 1442; x_wconf 75' lang='lat' dir='ltr'>vobis,</span> 
     </span>
     <span class='ocr_line' id='line_1_18' title="bbox 353 1459 1841 1520; baseline -0.001 -17"><span class='ocrx_word' id='word_1_137' title='bbox 353 1471 399 1503; x_wconf 81' lang='lat' dir='ltr'>ut</span> <span class='ocrx_word' id='word_1_138' title='bbox 413 1462 774 1520; x_wconf 76' lang='lat' dir='ltr'>quemadmodum</span> <span class='ocrx_word' id='word_1_139' title='bbox 801 1460 891 1515; x_wconf 82' lang='lat' dir='ltr'>feei</span> <span class='ocrx_word' id='word_1_140' title='bbox 922 1461 1050 1514; x_wconf 72' lang='lat' dir='ltr'>vobis,</span> <span class='ocrx_word' id='word_1_141' title='bbox 1089 1464 1150 1502; x_wconf 80' lang='lat' dir='ltr'>sic</span> <span class='ocrx_word' id='word_1_142' title='bbox 1176 1470 1216 1502; x_wconf 83' lang='lat' dir='ltr'>et</span> <span class='ocrx_word' id='word_1_143' title='bbox 1233 1477 1304 1502; x_wconf 71' lang='lat' dir='ltr'>vos</span> <span class='ocrx_word' id='word_1_144' title='bbox 1331 1461 1527 1519; x_wconf 81' lang='lat' dir='ltr'>faciatis.</span> <span class='ocrx_word' id='word_1_145' title='bbox 1585 1460 1649 1502; x_wconf 86' lang='lat' dir='ltr'>Ex</span> <span class='ocrx_word' id='word_1_146' title='bbox 1681 1459 1841 1518; x_wconf 89' lang='lat' dir='ltr'>quibus</span> 
     </span>
    </p>
   </div>
   <div class='ocr_carea' id='block_1_3' title="bbox 350 1531 1843 1662">
    <p class='ocr_par' dir='ltr' id='par_1_3' title="bbox 350 1531 1843 1662">
     <span class='ocr_line' id='line_1_19' title="bbox 350 1531 1843 1591; baseline 0 -18"><span class='ocrx_word' id='word_1_147' title='bbox 350 1540 393 1574; x_wconf 88' lang='lat' dir='ltr'>et</span> <span class='ocrx_word' id='word_1_148' title='bbox 413 1548 492 1591; x_wconf 88' lang='lat' dir='ltr'>per</span> <span class='ocrx_word' id='word_1_149' title='bbox 514 1548 599 1591; x_wconf 90' lang='lat' dir='ltr'>que</span> <span class='ocrx_word' id='word_1_150' title='bbox 626 1531 924 1574; x_wconf 87' lang='lat' dir='ltr'>verisimiliter</span> <span class='ocrx_word' id='word_1_151' title='bbox 951 1539 1199 1590; x_wconf 89' lang='lat' dir='ltr'>opponatur</span> <span class='ocrx_word' id='word_1_152' title='bbox 1221 1531 1412 1589; x_wconf 88' lang='lat' dir='ltr'>scriptor</span> <span class='ocrx_word' id='word_1_153' title='bbox 1440 1532 1731 1590; x_wconf 86' lang='lat' dir='ltr'>presentium,</span> <span class='ocrx_word' id='word_1_154' title='bbox 1767 1531 1843 1590; x_wconf 87' lang='lat' dir='ltr'>qui</span> 
     </span>
     <span class='ocr_line' id='line_1_20' title="bbox 350 1601 1840 1662; baseline -0.001 -16"><span class='ocrx_word' id='word_1_155' title='bbox 350 1604 432 1646; x_wconf 90' lang='lat' dir='ltr'>hec</span> <span class='ocrx_word' id='word_1_156' title='bbox 458 1603 663 1662; x_wconf 88' lang='lat' dir='ltr'>previdit,</span> <span class='ocrx_word' id='word_1_157' title='bbox 694 1612 741 1646; x_wconf 91' lang='lat' dir='ltr'>ut</span> <span class='ocrx_word' id='word_1_158' title='bbox 766 1603 913 1662; x_wconf 86' lang='lat' dir='ltr'>tetigit</span> <span class='ocrx_word' id='word_1_159' title='bbox 940 1603 983 1645; x_wconf 91' lang='lat' dir='ltr'>in</span> <span class='ocrx_word' id='word_1_160' title='bbox 1005 1603 1265 1645; x_wconf 83' lang='lat' dir='ltr'>Rationibus</span> <span class='ocrx_word' id='word_1_161' title='bbox 1287 1601 1703 1646; x_wconf 72' lang='lat' dir='ltr'>inconvincibilibus³</span> <span class='ocrx_word' id='word_1_162' title='bbox 1733 1618 1840 1661; x_wconf 91' lang='lat' dir='ltr'>quas</span> 
     </span>
    </p>
   </div>
   <div class='ocr_carea' id='block_1_4' title="bbox 342 1793 1838 2884">
    <p class='ocr_par' dir='ltr' id='par_1_4' title="bbox 400 1793 835 1835">
     <span class='ocr_line' id='line_1_21' title="bbox 400 1793 835 1835; baseline -0.007 -5"><span class='ocrx_word' id='word_1_163' title='bbox 400 1798 433 1830; x_wconf 83' lang='lat'>1.</span> <span class='ocrx_word' id='word_1_164' title='bbox 462 1795 612 1835; x_wconf 79' lang='lat' dir='ltr'>Matth.‚</span> <span class='ocrx_word' id='word_1_165' title='bbox 635 1793 753 1832; x_wconf 90' lang='lat' dir='ltr'>XXII,</span> <span class='ocrx_word' id='word_1_166' title='bbox 777 1795 835 1829; x_wconf 87' lang='grc'>21.</span> 
     </span>
    </p>

    <p class='ocr_par' dir='ltr' id='par_1_5' title="bbox 398 1841 772 1882">
     <span class='ocr_line' id='line_1_22' title="bbox 398 1841 772 1882; baseline -0.005 -5"><span class='ocrx_word' id='word_1_167' title='bbox 398 1845 431 1878; x_wconf 83' lang='grc'>2.</span> <span class='ocrx_word' id='word_1_168' title='bbox 459 1843 561 1882; x_wconf 86' lang='lat' dir='ltr'>Joh.‚</span> <span class='ocrx_word' id='word_1_169' title='bbox 586 1841 688 1881; x_wconf 90' lang='lat' dir='ltr'>XIII,</span> <span class='ocrx_word' id='word_1_170' title='bbox 715 1843 772 1876; x_wconf 85' lang='lat'>15.</span> 
     </span>
    </p>

    <p class='ocr_par' dir='ltr' id='par_1_6' title="bbox 342 1886 1838 2884">
     <span class='ocr_line' id='line_1_23' title="bbox 395 1886 1836 1934; baseline -0.003 -9"><span class='ocrx_word' id='word_1_171' title='bbox 395 1894 428 1926; x_wconf 84' lang='lat'>3.</span> <span class='ocrx_word' id='word_1_172' title='bbox 459 1889 667 1924; x_wconf 80' lang='lat' dir='ltr'>L’Histoire</span> <span class='ocrx_word' id='word_1_173' title='bbox 689 1888 869 1923; x_wconf 84' lang='lat' dir='ltr'>litte&#39;raire</span> <span class='ocrx_word' id='word_1_174' title='bbox 888 1887 1038 1934; x_wconf 86' lang='lat' dir='ltr'>(XXVI,</span> <span class='ocrx_word' id='word_1_175' title='bbox 1064 1887 1159 1932; x_wconf 87' lang='lat'>475),</span> <span class='ocrx_word' id='word_1_176' title='bbox 1186 1887 1323 1921; x_wconf 87' lang='lat' dir='ltr'>faisant</span> <span class='ocrx_word' id='word_1_177' title='bbox 1343 1886 1507 1921; x_wconf 84' lang='lat' dir='ltr'>allusion</span> <span class='ocrx_word' id='word_1_178' title='bbox 1529 1886 1547 1920; x_wconf 73' lang='lat' dir='ltr'>a</span> <span class='ocrx_word' id='word_1_179' title='bbox 1579 1899 1620 1920; x_wconf 91' lang='lat' dir='ltr'>ce</span> <span class='ocrx_word' id='word_1_180' title='bbox 1658 1898 1836 1933; x_wconf 86' lang='lat' dir='ltr'>passage,</span> 
     </span>
     <span class='ocr_line' id='line_1_24' title="bbox 347 1934 1838 1981; baseline -0.003 -8"><span class='ocrx_word' id='word_1_181' title='bbox 347 1939 422 1973; x_wconf 89' lang='lat' dir='ltr'>dit:</span> <span class='ocrx_word' id='word_1_182' title='bbox 449 1952 466 1972; x_wconf 84' lang='lat'>‹&lt;</span> <span class='ocrx_word' id='word_1_183' title='bbox 495 1937 642 1972; x_wconf 88' lang='lat' dir='ltr'>Dubois</span> <span class='ocrx_word' id='word_1_184' title='bbox 663 1937 858 1971; x_wconf 70' lang='lat' dir='ltr'>lui-meme</span> <span class='ocrx_word' id='word_1_185' title='bbox 877 1948 973 1969; x_wconf 88' lang='lat' dir='ltr'>nous</span> <span class='ocrx_word' id='word_1_186' title='bbox 1007 1936 1177 1980; x_wconf 87' lang='lat' dir='ltr'>apprend</span> <span class='ocrx_word' id='word_1_187' title='bbox 1200 1947 1283 1981; x_wconf 81' lang='lat' dir='ltr'>que,</span> <span class='ocrx_word' id='word_1_188' title='bbox 1308 1935 1342 1968; x_wconf 90' lang='lat' dir='ltr'>le</span> <span class='ocrx_word' id='word_1_189' title='bbox 1365 1934 1507 1968; x_wconf 86' lang='lat' dir='ltr'>samedi</span> <span class='ocrx_word' id='word_1_190' title='bbox 1528 1934 1592 1980; x_wconf 89' lang='lat' dir='ltr'>qui</span> <span class='ocrx_word' id='word_1_191' title='bbox 1625 1935 1784 1980; x_wconf 74' lang='lat' dir='ltr'>preceda</span> <span class='ocrx_word' id='word_1_192' title='bbox 1805 1935 1838 1968; x_wconf 87' lang='lat' dir='ltr'>le</span> 
     </span>
     <span class='ocr_line' id='line_1_25' title="bbox 347 1981 1838 2030; baseline -0.003 -10"><span class='ocrx_word' id='word_1_193' title='bbox 347 1987 542 2021; x_wconf 88' lang='lat' dir='ltr'>dimanche</span> <span class='ocrx_word' id='word_1_194' title='bbox 565 1986 609 2019; x_wconf 89' lang='lat' dir='ltr'>de</span> <span class='ocrx_word' id='word_1_195' title='bbox 631 1985 665 2018; x_wconf 85' lang='lat' dir='ltr'>la</span> <span class='ocrx_word' id='word_1_196' title='bbox 687 1984 918 2030; x_wconf 80' lang='lat' dir='ltr'>publication</span> <span class='ocrx_word' id='word_1_197' title='bbox 935 1984 979 2017; x_wconf 89' lang='lat' dir='ltr'>de</span> <span class='ocrx_word' id='word_1_198' title='bbox 995 1983 1178 2029; x_wconf 78' lang='lat' dir='ltr'>l&#39;iniquite</span> <span class='ocrx_word' id='word_1_199' title='bbox 1198 1983 1344 2028; x_wconf 89' lang='lat' dir='ltr'>papale,</span> <span class='ocrx_word' id='word_1_200' title='bbox 1362 1982 1603 2016; x_wconf 73' lang='lat' dir='ltr'>c’est-a-dire</span> <span class='ocrx_word' id='word_1_201' title='bbox 1625 1982 1670 2015; x_wconf 88' lang='lat' dir='ltr'>de</span> <span class='ocrx_word' id='word_1_202' title='bbox 1687 1981 1719 2015; x_wconf 86' lang='lat' dir='ltr'>la</span> <span class='ocrx_word' id='word_1_203' title='bbox 1736 1981 1838 2016; x_wconf 86' lang='lat' dir='ltr'>bulle</span> 
     </span>
     <span class='ocr_line' id='line_1_26' title="bbox 346 2029 1837 2079; baseline -0.004 -11"><span class='ocrx_word' id='word_1_204' title='bbox 346 2032 544 2072; x_wconf 84' lang='lat' dir='ltr'>Ausculta,</span> <span class='ocrx_word' id='word_1_205' title='bbox 564 2031 635 2079; x_wconf 74' lang='lat' dir='ltr'>fili,</span> <span class='ocrx_word' id='word_1_206' title='bbox 658 2032 683 2066; x_wconf 93' lang='lat' dir='ltr'>il</span> <span class='ocrx_word' id='word_1_207' title='bbox 707 2044 884 2076; x_wconf 87' lang='lat' dir='ltr'>composa</span> <span class='ocrx_word' id='word_1_208' title='bbox 906 2036 942 2064; x_wconf 80' lang='lat' dir='ltr'>et</span> <span class='ocrx_word' id='word_1_209' title='bbox 962 2030 1072 2064; x_wconf 87' lang='lat' dir='ltr'>remit</span> <span class='ocrx_word' id='word_1_210' title='bbox 1093 2031 1112 2064; x_wconf 80' lang='lat' dir='ltr'>a</span> <span class='ocrx_word' id='word_1_211' title='bbox 1133 2030 1207 2063; x_wconf 85' lang='lat' dir='ltr'>l&#39;un</span> <span class='ocrx_word' id='word_1_212' title='bbox 1229 2031 1274 2063; x_wconf 88' lang='lat' dir='ltr'>de</span> <span class='ocrx_word' id='word_1_213' title='bbox 1297 2042 1357 2063; x_wconf 88' lang='lat' dir='ltr'>ses</span> <span class='ocrx_word' id='word_1_214' title='bbox 1379 2030 1473 2063; x_wconf 82' lang='lat' dir='ltr'>amis</span> <span class='ocrx_word' id='word_1_215' title='bbox 1494 2042 1543 2063; x_wconf 91' lang='lat' dir='ltr'>un</span> <span class='ocrx_word' id='word_1_216' title='bbox 1565 2029 1675 2063; x_wconf 77' lang='lat' dir='ltr'>traite</span> <span class='ocrx_word' id='word_1_217' title='bbox 1707 2035 1837 2063; x_wconf 89' lang='lat' dir='ltr'>conte-</span> 
     </span>
     <span class='ocr_line' id='line_1_27' title="bbox 346 2076 1837 2123; baseline -0.003 -8"><span class='ocrx_word' id='word_1_218' title='bbox 346 2087 476 2116; x_wconf 85' lang='lat' dir='ltr'>tenant</span> <span class='ocrx_word' id='word_1_219' title='bbox 497 2082 563 2114; x_wconf 89' lang='lat' dir='ltr'>des</span> <span class='ocrx_word' id='word_1_220' title='bbox 573 2081 723 2114; x_wconf 83' lang='lat' dir='ltr'>raisous</span> <span class='ocrx_word' id='word_1_221' title='bbox 738 2078 979 2113; x_wconf 74' lang='lat' dir='ltr'>irrefutables</span> <span class='ocrx_word' id='word_1_222' title='bbox 995 2090 1092 2123; x_wconf 88' lang='lat' dir='ltr'>pour</span> <span class='ocrx_word' id='word_1_223' title='bbox 1107 2078 1139 2111; x_wconf 90' lang='lat' dir='ltr'>le</span> <span class='ocrx_word' id='word_1_224' title='bbox 1161 2078 1218 2111; x_wconf 89' lang='lat' dir='ltr'>roi</span> <span class='ocrx_word' id='word_1_225' title='bbox 1236 2083 1366 2111; x_wconf 87' lang='lat' dir='ltr'>contre</span> <span class='ocrx_word' id='word_1_226' title='bbox 1378 2077 1412 2110; x_wconf 88' lang='lat' dir='ltr'>le</span> <span class='ocrx_word' id='word_1_227' title='bbox 1428 2089 1533 2123; x_wconf 87' lang='lat' dir='ltr'>pape.</span> <span class='ocrx_word' id='word_1_228' title='bbox 1555 2076 1607 2110; x_wconf 91' lang='lat' dir='ltr'>La</span> <span class='ocrx_word' id='word_1_229' title='bbox 1626 2076 1727 2110; x_wconf 87' lang='lat' dir='ltr'>bulle</span> <span class='ocrx_word' id='word_1_230' title='bbox 1741 2078 1837 2111; x_wconf 81' lang='lat' dir='ltr'>Aus-</span> 
     </span>
     <span class='ocr_line' id='line_1_28' title="bbox 347 2123 1836 2174; baseline -0.003 -11"><span class='ocrx_word' id='word_1_231' title='bbox 347 2128 463 2169; x_wconf 80' lang='lat' dir='ltr'>culta,</span> <span class='ocrx_word' id='word_1_232' title='bbox 485 2127 556 2174; x_wconf 82' lang='lat' dir='ltr'>fili,</span> <span class='ocrx_word' id='word_1_233' title='bbox 578 2132 635 2161; x_wconf 85' lang='lat' dir='ltr'>est</span> <span class='ocrx_word' id='word_1_234' title='bbox 651 2127 758 2161; x_wconf 73' lang='lat' dir='ltr'>datee</span> <span class='ocrx_word' id='word_1_235' title='bbox 777 2127 826 2160; x_wconf 92' lang='lat' dir='ltr'>du</span> <span class='ocrx_word' id='word_1_236' title='bbox 847 2128 867 2161; x_wconf 91' lang='lat'>5</span> <span class='ocrx_word' id='word_1_237' title='bbox 890 2125 1088 2160; x_wconf 76' lang='lat' dir='ltr'>decembre</span> <span class='ocrx_word' id='word_1_238' title='bbox 1111 2127 1198 2160; x_wconf 87' lang='lat'>1301</span> <span class='ocrx_word' id='word_1_239' title='bbox 1221 2139 1227 2165; x_wconf 85' lang='lat'>;</span> <span class='ocrx_word' id='word_1_240' title='bbox 1264 2125 1334 2158; x_wconf 88' lang='lat' dir='ltr'>elle</span> <span class='ocrx_word' id='word_1_241' title='bbox 1356 2125 1478 2158; x_wconf 86' lang='lat' dir='ltr'>arriva</span> <span class='ocrx_word' id='word_1_242' title='bbox 1507 2123 1797 2170; x_wconf 87' lang='lat' dir='ltr'>probablement</span> <span class='ocrx_word' id='word_1_243' title='bbox 1817 2126 1836 2158; x_wconf 74' lang='lat' dir='ltr'>a</span> 
     </span>
     <span class='ocr_line' id='line_1_29' title="bbox 347 2171 1836 2220; baseline -0.003 -9"><span class='ocrx_word' id='word_1_244' title='bbox 347 2177 455 2211; x_wconf 81' lang='lat' dir='ltr'>Paris</span> <span class='ocrx_word' id='word_1_245' title='bbox 474 2189 521 2211; x_wconf 86' lang='lat' dir='ltr'>au</span> <span class='ocrx_word' id='word_1_246' title='bbox 541 2175 637 2209; x_wconf 86' lang='lat' dir='ltr'>mois</span> <span class='ocrx_word' id='word_1_247' title='bbox 659 2175 703 2209; x_wconf 91' lang='lat' dir='ltr'>de</span> <span class='ocrx_word' id='word_1_248' title='bbox 722 2174 870 2220; x_wconf 87' lang='lat' dir='ltr'>janvier</span> <span class='ocrx_word' id='word_1_249' title='bbox 892 2174 995 2208; x_wconf 87' lang='lat'>1302.</span> <span class='ocrx_word' id='word_1_250' title='bbox 1021 2172 1159 2206; x_wconf 66' lang='lat' dir='ltr'>L&#39;ecrit</span> <span class='ocrx_word' id='word_1_251' title='bbox 1179 2173 1225 2206; x_wconf 87' lang='lat' dir='ltr'>de</span> <span class='ocrx_word' id='word_1_252' title='bbox 1248 2173 1376 2206; x_wconf 82' lang='lat' dir='ltr'>Pierre</span> <span class='ocrx_word' id='word_1_253' title='bbox 1395 2171 1542 2206; x_wconf 90' lang='lat' dir='ltr'>Dubois</span> <span class='ocrx_word' id='word_1_254' title='bbox 1574 2172 1640 2205; x_wconf 84' lang='lat' dir='ltr'>dut</span> <span class='ocrx_word' id='word_1_255' title='bbox 1662 2184 1729 2217; x_wconf 90' lang='lat' dir='ltr'>par</span> <span class='ocrx_word' id='word_1_256' title='bbox 1750 2184 1836 2206; x_wconf 92' lang='lat' dir='ltr'>con-</span> 
     </span>
     <span class='ocr_line' id='line_1_30' title="bbox 347 2219 1836 2271; baseline -0.003 -13"><span class='ocrx_word' id='word_1_257' title='bbox 347 2225 506 2271; x_wconf 74' lang='lat' dir='ltr'>sequent</span> <span class='ocrx_word' id='word_1_258' title='bbox 526 2225 605 2258; x_wconf 78' lang='lat' dir='ltr'>etre</span> <span class='ocrx_word' id='word_1_259' title='bbox 623 2222 753 2268; x_wconf 75' lang='lat' dir='ltr'>redige</span> <span class='ocrx_word' id='word_1_260' title='bbox 773 2222 867 2255; x_wconf 88' lang='lat' dir='ltr'>dans</span> <span class='ocrx_word' id='word_1_261' title='bbox 889 2221 943 2254; x_wconf 88' lang='lat' dir='ltr'>les</span> <span class='ocrx_word' id='word_1_262' title='bbox 965 2220 1149 2266; x_wconf 69' lang='lat' dir='ltr'>premier-s</span> <span class='ocrx_word' id='word_1_263' title='bbox 1176 2220 1285 2265; x_wconf 86' lang='lat' dir='ltr'>jours</span> <span class='ocrx_word' id='word_1_264' title='bbox 1316 2220 1361 2253; x_wconf 89' lang='lat' dir='ltr'>de</span> <span class='ocrx_word' id='word_1_265' title='bbox 1394 2221 1494 2254; x_wconf 86' lang='lat'>1302.</span> <span class='ocrx_word' id='word_1_266' title='bbox 1517 2232 1535 2252; x_wconf 85' lang='lat'>»</span> <span class='ocrx_word' id='word_1_267' title='bbox 1569 2219 1647 2253; x_wconf 89' lang='lat' dir='ltr'>Cet·</span> <span class='ocrx_word' id='word_1_268' title='bbox 1666 2219 1759 2253; x_wconf 83' lang='lat' dir='ltr'>e&#39;crit</span> <span class='ocrx_word' id='word_1_269' title='bbox 1779 2226 1836 2253; x_wconf 86' lang='lat' dir='ltr'>est</span> 
     </span>
     <span class='ocr_line' id='line_1_31' title="bbox 345 2267 1836 2315; baseline -0.004 -9"><span class='ocrx_word' id='word_1_270' title='bbox 345 2271 513 2306; x_wconf 75' lang='lat' dir='ltr'>identifie</span> <span class='ocrx_word' id='word_1_271' title='bbox 534 2283 621 2305; x_wconf 89' lang='lat' dir='ltr'>avec</span> <span class='ocrx_word' id='word_1_272' title='bbox 643 2270 739 2304; x_wconf 86' lang='lat' dir='ltr'>celui</span> <span class='ocrx_word' id='word_1_273' title='bbox 758 2269 820 2315; x_wconf 89' lang='lat' dir='ltr'>qui</span> <span class='ocrx_word' id='word_1_274' title='bbox 842 2282 860 2302; x_wconf 87' lang='lat' dir='ltr'>a</span> <span class='ocrx_word' id='word_1_275' title='bbox 880 2269 937 2302; x_wconf 72' lang='lat' dir='ltr'>ete</span> <span class='ocrx_word' id='word_1_276' title='bbox 959 2267 1086 2314; x_wconf 76' lang='lat' dir='ltr'>publie</span> <span class='ocrx_word' id='word_1_277' title='bbox 1110 2280 1176 2313; x_wconf 86' lang='lat' dir='ltr'>par</span> <span class='ocrx_word' id='word_1_278' title='bbox 1192 2268 1340 2313; x_wconf 85' lang='lat' dir='ltr'>Dupuy,</span> <span class='ocrx_word' id='word_1_279' title='bbox 1364 2280 1439 2300; x_wconf 89' lang='lat' dir='ltr'>non</span> <span class='ocrx_word' id='word_1_280' title='bbox 1453 2280 1534 2313; x_wconf 87' lang='lat' dir='ltr'>pas,</span> <span class='ocrx_word' id='word_1_281' title='bbox 1559 2279 1701 2300; x_wconf 88' lang='lat' dir='ltr'>comme</span> <span class='ocrx_word' id='word_1_282' title='bbox 1723 2267 1756 2300; x_wconf 85' lang='lat' dir='ltr'>le</span> <span class='ocrx_word' id='word_1_283' title='bbox 1781 2267 1836 2301; x_wconf 87' lang='lat' dir='ltr'>dit</span> 
     </span>
     <span class='ocr_line' id='line_1_32' title="bbox 346 2314 1835 2362; baseline -0.003 -10"><span class='ocrx_word' id='word_1_284' title='bbox 346 2331 482 2354; x_wconf 85' lang='lat' dir='ltr'>encore</span> <span class='ocrx_word' id='word_1_285' title='bbox 509 2318 700 2352; x_wconf 83' lang='lat' dir='ltr'>l&#39;Histoire</span> <span class='ocrx_word' id='word_1_286' title='bbox 731 2316 911 2351; x_wconf 84' lang='lat' dir='ltr'>litte&#39;raire</span> <span class='ocrx_word' id='word_1_287' title='bbox 930 2317 985 2362; x_wconf 89' lang='lat' dir='ltr'>(p.</span> <span class='ocrx_word' id='word_1_288' title='bbox 1018 2315 1113 2360; x_wconf 80' lang='lat'>497),</span> <span class='ocrx_word' id='word_1_289' title='bbox 1144 2315 1292 2361; x_wconf 73' lang='lat' dir='ltr'>d&#39;apres</span> <span class='ocrx_word' id='word_1_290' title='bbox 1315 2327 1333 2346; x_wconf 92' lang='lat'>«</span> <span class='ocrx_word' id='word_1_291' title='bbox 1362 2314 1396 2348; x_wconf 91' lang='lat' dir='ltr'>le</span> <span class='ocrx_word' id='word_1_292' title='bbox 1427 2315 1589 2360; x_wconf 86' lang='lat' dir='ltr'>registre</span> <span class='ocrx_word' id='word_1_293' title='bbox 1624 2314 1659 2348; x_wconf 89' lang='lat' dir='ltr'>J.</span> <span class='ocrx_word' id='word_1_294' title='bbox 1694 2315 1761 2349; x_wconf 87' lang='lat'>493</span> <span class='ocrx_word' id='word_1_295' title='bbox 1786 2315 1835 2348; x_wconf 92' lang='lat' dir='ltr'>du</span> 
     </span>
     <span class='ocr_line' id='line_1_33' title="bbox 344 2361 1832 2409; baseline -0.004 -8"><span class='ocrx_word' id='word_1_296' title='bbox 344 2367 486 2401; x_wconf 75' lang='lat' dir='ltr'>Tresor</span> <span class='ocrx_word' id='word_1_297' title='bbox 507 2367 573 2400; x_wconf 87' lang='lat' dir='ltr'>des</span> <span class='ocrx_word' id='word_1_298' title='bbox 595 2366 756 2400; x_wconf 85' lang='lat' dir='ltr'>Chartes</span> <span class='ocrx_word' id='word_1_299' title='bbox 775 2377 808 2405; x_wconf 86' lang='lat'>»‚</span> <span class='ocrx_word' id='word_1_300' title='bbox 832 2363 926 2398; x_wconf 88' lang='lat' dir='ltr'>mais</span> <span class='ocrx_word' id='word_1_301' title='bbox 948 2363 1097 2409; x_wconf 79' lang='lat' dir='ltr'>d&#39;apres</span> <span class='ocrx_word' id='word_1_302' title='bbox 1118 2363 1151 2396; x_wconf 90' lang='lat' dir='ltr'>le</span> <span class='ocrx_word' id='word_1_303' title='bbox 1173 2374 1242 2396; x_wconf 88' lang='lat' dir='ltr'>ms.</span> <span class='ocrx_word' id='word_1_304' title='bbox 1267 2362 1330 2396; x_wconf 85' lang='lat' dir='ltr'>lat.</span> <span class='ocrx_word' id='word_1_305' title='bbox 1363 2363 1474 2397; x_wconf 86' lang='lat'>10919</span> <span class='ocrx_word' id='word_1_306' title='bbox 1497 2362 1541 2396; x_wconf 92' lang='lat' dir='ltr'>de</span> <span class='ocrx_word' id='word_1_307' title='bbox 1564 2363 1598 2396; x_wconf 87' lang='lat' dir='ltr'>la</span> <span class='ocrx_word' id='word_1_308' title='bbox 1622 2361 1721 2396; x_wconf 84' lang='lat' dir='ltr'>Bibl.</span> <span class='ocrx_word' id='word_1_309' title='bbox 1755 2367 1832 2395; x_wconf 77' lang='lat' dir='ltr'>nat.</span> 
     </span>
     <span class='ocr_line' id='line_1_34' title="bbox 343 2409 1830 2460; baseline -0.005 -11"><span class='ocrx_word' id='word_1_310' title='bbox 343 2415 515 2460; x_wconf 81' lang='lat' dir='ltr'>(Preuves</span> <span class='ocrx_word' id='word_1_311' title='bbox 536 2413 588 2447; x_wconf 86' lang='lat' dir='ltr'>du</span> <span class='ocrx_word' id='word_1_312' title='bbox 606 2411 837 2459; x_wconf 79' lang='lat' dir='ltr'>Diffe&#39;rend...</span> <span class='ocrx_word' id='word_1_313' title='bbox 861 2424 898 2457; x_wconf 88' lang='lat' dir='ltr'>p.</span> <span class='ocrx_word' id='word_1_314' title='bbox 922 2410 993 2454; x_wconf 84' lang='lat'>44),</span> <span class='ocrx_word' id='word_1_315' title='bbox 1018 2416 1053 2444; x_wconf 85' lang='lat' dir='ltr'>et</span> <span class='ocrx_word' id='word_1_316' title='bbox 1074 2411 1136 2456; x_wconf 90' lang='lat' dir='ltr'>qui</span> <span class='ocrx_word' id='word_1_317' title='bbox 1170 2416 1227 2443; x_wconf 84' lang='lat' dir='ltr'>est</span> <span class='ocrx_word' id='word_1_318' title='bbox 1256 2410 1404 2444; x_wconf 77' lang='lat' dir='ltr'>intitule</span> <span class='ocrx_word' id='word_1_319' title='bbox 1427 2411 1520 2443; x_wconf 86' lang='lat' dir='ltr'>dans</span> <span class='ocrx_word' id='word_1_320' title='bbox 1548 2409 1582 2443; x_wconf 89' lang='lat' dir='ltr'>le</span> <span class='ocrx_word' id='word_1_321' title='bbox 1602 2409 1830 2443; x_wconf 86' lang='lat' dir='ltr'>manuscrit:</span> 
     </span>
     <span class='ocr_line' id='line_1_35' title="bbox 346 2455 1832 2506; baseline -0.004 -11"><span class='ocrx_word' id='word_1_322' title='bbox 346 2475 364 2495; x_wconf 89' lang='lat'>«</span> <span class='ocrx_word' id='word_1_323' title='bbox 382 2461 610 2496; x_wconf 81' lang='lat' dir='ltr'>Deliberacio</span> <span class='ocrx_word' id='word_1_324' title='bbox 632 2460 806 2506; x_wconf 77' lang='lat' dir='ltr'>magistri</span> <span class='ocrx_word' id='word_1_325' title='bbox 825 2458 926 2493; x_wconf 79' lang='lat' dir='ltr'>Petri</span> <span class='ocrx_word' id='word_1_326' title='bbox 946 2458 989 2492; x_wconf 86' lang='lat' dir='ltr'>de</span> <span class='ocrx_word' id='word_1_327' title='bbox 1005 2460 1169 2492; x_wconf 87' lang='lat' dir='ltr'>Bosco...</span> <span class='ocrx_word' id='word_1_328' title='bbox 1191 2469 1303 2505; x_wconf 80' lang='lat' dir='ltr'>super</span> <span class='ocrx_word' id='word_1_329' title='bbox 1321 2457 1477 2502; x_wconf 77' lang='lat' dir='ltr'>agendis</span> <span class='ocrx_word' id='word_1_330' title='bbox 1495 2457 1543 2491; x_wconf 87' lang='lat' dir='ltr'>ab</span> <span class='ocrx_word' id='word_1_331' title='bbox 1565 2455 1832 2490; x_wconf 75' lang='lat' dir='ltr'>excellentissi-</span> 
     </span>
     <span class='ocr_line' id='line_1_36' title="bbox 344 2503 1832 2556; baseline -0.004 -13"><span class='ocrx_word' id='word_1_332' title='bbox 344 2521 401 2543; x_wconf 91' lang='lat' dir='ltr'>mo</span> <span class='ocrx_word' id='word_1_333' title='bbox 415 2509 584 2556; x_wconf 81' lang='lat' dir='ltr'>principe</span> <span class='ocrx_word' id='word_1_334' title='bbox 599 2513 632 2542; x_wconf 81' lang='lat' dir='ltr'>et</span> <span class='ocrx_word' id='word_1_335' title='bbox 649 2506 813 2547; x_wconf 74' lang='lat' dir='ltr'>domino,</span> <span class='ocrx_word' id='word_1_336' title='bbox 837 2506 986 2540; x_wconf 87' lang='lat' dir='ltr'>domino</span> <span class='ocrx_word' id='word_1_337' title='bbox 1000 2505 1084 2544; x_wconf 75' lang='lat' dir='ltr'>Pl1.,</span> <span class='ocrx_word' id='word_1_338' title='bbox 1100 2505 1167 2538; x_wconf 79' lang='lat' dir='ltr'>Dei</span> <span class='ocrx_word' id='word_1_339' title='bbox 1182 2505 1309 2550; x_wconf 79' lang='lat' dir='ltr'>gratia</span> <span class='ocrx_word' id='word_1_340' title='bbox 1328 2506 1556 2539; x_wconf 80' lang='lat' dir='ltr'>Francorum</span> <span class='ocrx_word' id='word_1_341' title='bbox 1577 2503 1684 2549; x_wconf 76' lang='lat' dir='ltr'>regis,</span> <span class='ocrx_word' id='word_1_342' title='bbox 1702 2509 1832 2538; x_wconf 83' lang='lat' dir='ltr'>contra</span> 
     </span>
     <span class='ocr_line' id='line_1_37' title="bbox 343 2551 1831 2603; baseline -0.004 -13"><span class='ocrx_word' id='word_1_343' title='bbox 343 2556 541 2603; x_wconf 76' lang='lat' dir='ltr'>epistolam</span> <span class='ocrx_word' id='word_1_344' title='bbox 563 2567 661 2603; x_wconf 83' lang='lat' dir='ltr'>pape</span> <span class='ocrx_word' id='word_1_345' title='bbox 679 2554 836 2593; x_wconf 82' lang='lat' dir='ltr'>romani,</span> <span class='ocrx_word' id='word_1_346' title='bbox 860 2554 954 2588; x_wconf 79' lang='lat' dir='ltr'>inter</span> <span class='ocrx_word' id='word_1_347' title='bbox 974 2558 1092 2587; x_wconf 77' lang='lat' dir='ltr'>cetera</span> <span class='ocrx_word' id='word_1_348' title='bbox 1113 2553 1354 2586; x_wconf 82' lang='lat' dir='ltr'>continentem</span> <span class='ocrx_word' id='word_1_349' title='bbox 1376 2553 1438 2586; x_wconf 79' lang='lat' dir='ltr'>hec</span> <span class='ocrx_word' id='word_1_350' title='bbox 1460 2551 1566 2586; x_wconf 75' lang='lat' dir='ltr'>verba</span> <span class='ocrx_word' id='word_1_351' title='bbox 1588 2564 1594 2584; x_wconf 77' lang='lat' dir='ltr'><strong><em>z</em></strong></span> <span class='ocrx_word' id='word_1_352' title='bbox 1628 2564 1646 2583; x_wconf 89' lang='lat'>«</span> <span class='ocrx_word' id='word_1_353' title='bbox 1673 2551 1776 2585; x_wconf 85' lang='lat' dir='ltr'>Scire</span> <span class='ocrx_word' id='word_1_354' title='bbox 1796 2556 1831 2584; x_wconf 89' lang='lat' dir='ltr'>te</span> 
     </span>
     <span class='ocr_line' id='line_1_38' title="bbox 344 2597 1829 2646; baseline -0.004 -9"><span class='ocrx_word' id='word_1_355' title='bbox 344 2605 518 2637; x_wconf 88' lang='lat' dir='ltr'>volumus</span> <span class='ocrx_word' id='word_1_356' title='bbox 541 2617 574 2636; x_wconf 73' lang='lat'>2).</span> <span class='ocrx_word' id='word_1_357' title='bbox 599 2623 641 2629; x_wconf 91' lang='lat'><strong>—</strong></span> <span class='ocrx_word' id='word_1_358' title='bbox 659 2602 725 2642; x_wconf 88' lang='lat' dir='ltr'>Or,</span> <span class='ocrx_word' id='word_1_359' title='bbox 744 2607 839 2636; x_wconf 86' lang='lat' dir='ltr'>cette</span> <span class='ocrx_word' id='word_1_360' title='bbox 855 2600 1127 2635; x_wconf 79' lang='lat' dir='ltr'>identification</span> <span class='ocrx_word' id='word_1_361' title='bbox 1150 2613 1195 2633; x_wconf 90' lang='lat' dir='ltr'>ne</span> <span class='ocrx_word' id='word_1_362' title='bbox 1211 2613 1307 2633; x_wconf 89' lang='lat' dir='ltr'>nous</span> <span class='ocrx_word' id='word_1_363' title='bbox 1324 2602 1446 2646; x_wconf 79' lang='lat' dir='ltr'>parait</span> <span class='ocrx_word' id='word_1_364' title='bbox 1469 2612 1535 2645; x_wconf 88' lang='lat' dir='ltr'>pas</span> <span class='ocrx_word' id='word_1_365' title='bbox 1555 2597 1752 2644; x_wconf 87' lang='lat' dir='ltr'>probable.</span> <span class='ocrx_word' id='word_1_366' title='bbox 1775 2598 1829 2631; x_wconf 87' lang='lat' dir='ltr'>En</span> 
     </span>
     <span class='ocr_line' id='line_1_39' title="bbox 343 2644 1827 2695; baseline -0.004 -10"><span class='ocrx_word' id='word_1_367' title='bbox 343 2652 441 2692; x_wconf 80' lang='lat' dir='ltr'>effet,</span> <span class='ocrx_word' id='word_1_368' title='bbox 466 2651 523 2684; x_wconf 89' lang='lat' dir='ltr'>s&#39;il</span> <span class='ocrx_word' id='word_1_369' title='bbox 546 2651 622 2685; x_wconf 77' lang='lat' dir='ltr'>faut</span> <span class='ocrx_word' id='word_1_370' title='bbox 642 2650 822 2684; x_wconf 86' lang='lat' dir='ltr'>entendre</span> <span class='ocrx_word' id='word_1_371' title='bbox 842 2661 910 2695; x_wconf 85' lang='lat' dir='ltr'>par</span> <span class='ocrx_word' id='word_1_372' title='bbox 932 2661 950 2681; x_wconf 88' lang='lat'>«</span> <span class='ocrx_word' id='word_1_373' title='bbox 972 2648 1130 2693; x_wconf 76' lang='lat' dir='ltr'>iniquite</span> <span class='ocrx_word' id='word_1_374' title='bbox 1153 2647 1285 2693; x_wconf 87' lang='lat' dir='ltr'>papale</span> <span class='ocrx_word' id='word_1_375' title='bbox 1308 2660 1324 2679; x_wconf 84' lang='grc'>))</span> <span class='ocrx_word' id='word_1_376' title='bbox 1355 2648 1389 2681; x_wconf 88' lang='lat' dir='ltr'>la</span> <span class='ocrx_word' id='word_1_377' title='bbox 1411 2647 1512 2680; x_wconf 88' lang='lat' dir='ltr'>bulle</span> <span class='ocrx_word' id='word_1_378' title='bbox 1533 2645 1732 2685; x_wconf 80' lang='lat' dir='ltr'>Ausculta,</span> <span class='ocrx_word' id='word_1_379' title='bbox 1756 2644 1827 2691; x_wconf 80' lang='lat' dir='ltr'>fili,</span> 
     </span>
     <span class='ocr_line' id='line_1_40' title="bbox 342 2693 1831 2740; baseline -0.005 -7"><span class='ocrx_word' id='word_1_380' title='bbox 342 2698 489 2733; x_wconf 87' lang='lat' dir='ltr'>Dubois</span> <span class='ocrx_word' id='word_1_381' title='bbox 510 2711 548 2732; x_wconf 89' lang='lat' dir='ltr'>se</span> <span class='ocrx_word' id='word_1_382' title='bbox 570 2704 679 2731; x_wconf 81' lang='lat' dir='ltr'>vante</span> <span class='ocrx_word' id='word_1_383' title='bbox 701 2697 919 2731; x_wconf 87' lang='lat' dir='ltr'>clairement</span> <span class='ocrx_word' id='word_1_384' title='bbox 940 2695 987 2730; x_wconf 90' lang='lat' dir='ltr'>ici</span> <span class='ocrx_word' id='word_1_385' title='bbox 1009 2695 1152 2728; x_wconf 88' lang='lat' dir='ltr'>d&#39;avoir</span> <span class='ocrx_word' id='word_1_386' title='bbox 1173 2695 1303 2740; x_wconf 77' lang='lat' dir='ltr'>redige</span> <span class='ocrx_word' id='word_1_387' title='bbox 1326 2707 1386 2728; x_wconf 88' lang='lat' dir='ltr'>ses</span> <span class='ocrx_word' id='word_1_388' title='bbox 1406 2693 1584 2728; x_wconf 77' lang='lat' dir='ltr'>Rationes</span> <span class='ocrx_word' id='word_1_389' title='bbox 1604 2693 1831 2727; x_wconf 74' lang='lat' dir='ltr'>inconvinci—</span> 
     </span>
     <span class='ocr_line' id='line_1_41' title="bbox 343 2739 1831 2790; baseline -0.004 -10"><span class='ocrx_word' id='word_1_390' title='bbox 343 2746 435 2780; x_wconf 84' lang='lat' dir='ltr'>biles</span> <span class='ocrx_word' id='word_1_391' title='bbox 455 2751 566 2780; x_wconf 80' lang='lat' dir='ltr'>avant</span> <span class='ocrx_word' id='word_1_392' title='bbox 586 2746 619 2779; x_wconf 83' lang='lat' dir='ltr'>la</span> <span class='ocrx_word' id='word_1_393' title='bbox 642 2744 874 2790; x_wconf 87' lang='lat' dir='ltr'>publication</span> <span class='ocrx_word' id='word_1_394' title='bbox 897 2744 942 2777; x_wconf 89' lang='lat' dir='ltr'>de</span> <span class='ocrx_word' id='word_1_395' title='bbox 964 2749 1058 2776; x_wconf 83' lang='lat' dir='ltr'>cette</span> <span class='ocrx_word' id='word_1_396' title='bbox 1089 2742 1204 2782; x_wconf 81' lang='lat' dir='ltr'>bulle,</span> <span class='ocrx_word' id='word_1_397' title='bbox 1235 2743 1361 2776; x_wconf 85' lang='lat' dir='ltr'>tandis</span> <span class='ocrx_word' id='word_1_398' title='bbox 1377 2753 1448 2788; x_wconf 86' lang='lat' dir='ltr'>que</span> <span class='ocrx_word' id='word_1_399' title='bbox 1470 2741 1503 2775; x_wconf 87' lang='lat' dir='ltr'>la</span> <span class='ocrx_word' id='word_1_400' title='bbox 1524 2739 1752 2775; x_wconf 80' lang='lat' dir='ltr'>Deliberatio</span> <span class='ocrx_word' id='word_1_401' title='bbox 1765 2753 1831 2786; x_wconf 90' lang='lat' dir='ltr'>pu-</span> 
     </span>
     <span class='ocr_line' id='line_1_42' title="bbox 342 2788 1830 2839; baseline -0.004 -12"><span class='ocrx_word' id='word_1_402' title='bbox 342 2794 440 2827; x_wconf 76' lang='lat' dir='ltr'>bliee</span> <span class='ocrx_word' id='word_1_403' title='bbox 477 2806 544 2839; x_wconf 83' lang='lat' dir='ltr'>par</span> <span class='ocrx_word' id='word_1_404' title='bbox 574 2793 710 2838; x_wconf 89' lang='lat' dir='ltr'>Dupuy</span> <span class='ocrx_word' id='word_1_405' title='bbox 744 2805 762 2825; x_wconf 92' lang='lat' dir='ltr'>a</span> <span class='ocrx_word' id='word_1_406' title='bbox 787 2792 844 2825; x_wconf 75' lang='lat' dir='ltr'>ete</span> <span class='ocrx_word' id='word_1_407' title='bbox 874 2790 1026 2836; x_wconf 75' lang='lat' dir='ltr'>redigee</span> <span class='ocrx_word' id='word_1_408' title='bbox 1058 2802 1154 2835; x_wconf 90' lang='lat' dir='ltr'>pour</span> <span class='ocrx_word' id='word_1_409' title='bbox 1186 2790 1375 2835; x_wconf 73' lang='lat' dir='ltr'>repondre</span> <span class='ocrx_word' id='word_1_410' title='bbox 1414 2801 1460 2822; x_wconf 88' lang='lat' dir='ltr'>au</span> <span class='ocrx_word' id='word_1_411' title='bbox 1498 2789 1697 2822; x_wconf 85' lang='lat' dir='ltr'>document</span> <span class='ocrx_word' id='word_1_412' title='bbox 1730 2788 1830 2822; x_wconf 86' lang='lat' dir='ltr'>Scire</span> 
     </span>
     <span class='ocr_line' id='line_1_43' title="bbox 342 2835 1830 2884; baseline -0.005 -8"><span class='ocrx_word' id='word_1_413' title='bbox 342 2847 373 2875; x_wconf 76' lang='lat' dir='ltr'>le</span> <span class='ocrx_word' id='word_1_414' title='bbox 395 2841 574 2881; x_wconf 72' lang='lat' dir='ltr'>volumus,</span> <span class='ocrx_word' id='word_1_415' title='bbox 606 2839 793 2874; x_wconf 72' lang='lat' dir='ltr'>substitue</span> <span class='ocrx_word' id='word_1_416' title='bbox 819 2851 887 2884; x_wconf 86' lang='lat' dir='ltr'>par</span> <span class='ocrx_word' id='word_1_417' title='bbox 915 2838 1147 2883; x_wconf 81' lang='lat' dir='ltr'>l&#39;entourage</span> <span class='ocrx_word' id='word_1_418' title='bbox 1178 2838 1223 2871; x_wconf 90' lang='lat' dir='ltr'>de</span> <span class='ocrx_word' id='word_1_419' title='bbox 1252 2836 1425 2882; x_wconf 85' lang='lat' dir='ltr'>Philippe</span> <span class='ocrx_word' id='word_1_420' title='bbox 1447 2837 1480 2870; x_wconf 91' lang='lat' dir='ltr'>le</span> <span class='ocrx_word' id='word_1_421' title='bbox 1509 2836 1574 2869; x_wconf 90' lang='lat' dir='ltr'>Bel</span> <span class='ocrx_word' id='word_1_422' title='bbox 1609 2837 1628 2869; x_wconf 74' lang='lat' dir='ltr'>a</span> <span class='ocrx_word' id='word_1_423' title='bbox 1658 2836 1691 2869; x_wconf 86' lang='lat' dir='ltr'>la</span> <span class='ocrx_word' id='word_1_424' title='bbox 1727 2835 1830 2869; x_wconf 89' lang='lat' dir='ltr'>bulle</span> 
     </span>
    </p>
   </div>
  </div>
 </body>
</html>
