1942 3242
411 196 470 228 DE
501 195 919 228 RECUPERATIONE
949 196 1108 228 TERRE
1140 196 1339 228 SANCTE.
1583 194 1622 226 43

189 288 348 338 [xxxll]
377 285 460 331 50.
499 286 670 328 Statum
691 293 835 328 autem
863 285 1132 343 prelatorum
1163 286 1471 344 religiosorum
1501 285 1665 327 simi-11
1694 293 1791 320 sundra
1823 293 1891 320 faire

130 355 230 398 liter
257 356 435 414 expedit
453 356 682 399 reformari
701 375 710 409 ;
734 357 892 415 primo,
918 366 966 399 ut
986 357 1143 415 prelati
1166 373 1316 399 omnes
1340 357 1621 398 obediencias

130 435 174 469 et
199 426 341 470 officia
361 444 506 469 rerum
531 428 841 486 temporalium
863 428 907 470 in
935 429 1025 470 suis
1048 429 1249 471 manibus
1274 437 1470 478 teneant,
1502 427 1622 470 aufe-

130 507 229 541 rant
261 515 283 540 a
317 499 559 550 monachis,
602 516 681 557 per
724 499 919 558 ydoneas
953 500 1172 542 seculares
1209 516 1421 558 personas
1462 499 1622 541 faciant

131 570 427 612 administrari
466 587 573 629 quas
610 570 776 630 eligant
812 587 909 613 cum
947 571 1131 613 consilio
1168 572 1300 614 trium
1330 571 1398 613 vel
1435 579 1623 628 quatuor

131 642 444 684 monachorum
469 658 663 692 suorum,
688 658 767 700 pre
784 643 942 684 ceteris
963 642 1247 701 prudentium
1265 651 1307 684 et
1323 650 1618 700 expertorum.

131 714 239 755 Item
260 721 433 771 petatur
449 713 594 755 statim
610 714 729 772 quod
749 714 908 772 prelati
928 714 1126 773 religiosi
1148 731 1224 757 sua
1244 714 1519 772 temporalia,
1545 729 1623 771 per

131 801 216 842 que
238 793 560 827 consueverunt
580 785 802 827 interdum
830 786 1036 844 occupari
1057 786 1173 828 circa
1194 785 1400 836 forensia,
1425 794 1469 827 et
1487 785 1531 827 in
1548 801 1624 827 sua

131 856 501 914 contemplatione
540 856 761 915 impediri,
794 857 970 899 tradant
1005 857 1051 899 in
1087 866 1346 915 perpetuam
1377 857 1623 915 emphiteo-

131 927 227 977 sim,
259 928 371 970 sicut
391 936 434 970 et
460 925 679 970 seculares
707 929 881 987 prelati,
907 929 1036 971 etiam
1064 929 1202 971 multo
1230 929 1404 971 fortiori
1431 929 1618 971 ratione.

192 1069 276 1115 51.
321 1069 388 1111 Ad
433 1085 563 1127 quam
596 1070 879 1112 traditionem
927 1070 971 1112 in
1015 1070 1324 1128 emphiteosim
1362 1079 1621 1128 perpetuam

131 1140 393 1191 faciendum,
449 1141 667 1183 seculares
710 1150 753 1183 et
802 1141 1001 1200 religiosi
1039 1142 1197 1200 prelati
1246 1141 1281 1183 si
1333 1141 1481 1183 dicant
1525 1157 1621 1183 esse

129 1212 429 1270 dampnosam,
461 1221 671 1271 poterunt
691 1213 842 1255 induci
863 1230 942 1271 per
964 1213 1268 1271 imperatoreS,
1291 1229 1418 1272 reges
1440 1221 1483 1255 et
1503 1213 1620 1271 prin-

129 1284 265 1342 cipes,
297 1284 372 1342 qui
394 1285 506 1326 bene
534 1285 697 1342 respici
718 1284 879 1326 faciant
901 1293 944 1326 et
971 1285 1207 1327 ostendant
1228 1301 1430 1344 magnam
1451 1293 1621 1343 partem

129 1371 306 1397 suorum
327 1364 634 1413 proventuum,
656 1356 908 1398 reddituum
927 1365 970 1398 et
990 1356 1184 1398 exituum
1205 1365 1422 1398 terrarum
1446 1372 1621 1398 suarum

129 1443 174 1468 se
190 1427 446 1484 impendere
462 1427 661 1485 quolibet
683 1443 797 1470 anno
815 1444 913 1469 suas
929 1436 1069 1469 terras
1085 1427 1298 1487 regendo,
1322 1427 1618 1477 defendendo,

124 1498 323 1555 justicias
363 1507 406 1540 et
450 1515 526 1540 sua
559 1499 725 1557 judicia
760 1499 977 1541 faciendo.
1015 1499 1175 1541 Audivi
1207 1500 1326 1558 quod
1366 1516 1464 1541 cum
1495 1499 1622 1558 regni

129 1570 318 1611 Navarre
358 1570 557 1612 redditus
591 1586 639 1612 ac
678 1579 916 1628 proventus
961 1571 1096 1613 annui
1136 1571 1458 1629 quinquaginta
1503 1571 1623 1612 milia

129 1640 340 1683 librarum
391 1642 696 1684 turonensium
734 1658 965 1700 parvarum
1005 1642 1228 1684 annuatim
1279 1643 1490 1693 valerent,
1547 1659 1624 1684 rex

129 1713 413 1762 Francorum,
450 1713 550 1771 quia
581 1729 660 1771 per
694 1713 802 1755 alios
838 1714 1035 1773 regebat,
1086 1714 1288 1756 deductis
1323 1714 1534 1772 impensis
1581 1723 1624 1756 et

129 1783 369 1826 honeribus
398 1785 626 1844 regiminis
647 1793 690 1826 et
709 1785 924 1835 custodie,
948 1786 1019 1827 vix
1039 1785 1142 1827 inde
1164 1785 1485 1844 quinquaginta
1505 1786 1623 1827 milia

130 1854 370 1897 solidorum
396 1856 602 1898 habebat.

189 1997 271 2044 52.
310 1999 357 2040 Si
377 1999 475 2056 quis
496 1996 613 2041 dicat
634 2000 814 2058 regibus
842 2008 885 2041 et
906 2000 1183 2058 principibus
1206 2001 1350 2059 quod:
1378 2019 1398 2041 «
1425 2001 1624 2056 Quilibet

129 2077 320 2111 vestrum
339 2071 410 2127 jus
438 2069 558 2128 quod
583 2079 734 2112 contra
756 2071 948 2129 prelatos
965 2072 1096 2114 statui
1118 2072 1319 2130 requirit,
1345 2072 1439 2130 ipse
1468 2072 1623 2114 eodem

125 2142 224 2198 jure
252 2149 423 2192 utatur;
447 2157 522 2183 vos
551 2158 657 2200 crgo
679 2143 822 2200 primo
844 2143 1103 2201 temporalia
1131 2152 1274 2185 vestra
1300 2143 1448 2185 taliter
1475 2143 1622 2185 trada-

129 2211 201 2261 tis,
227 2212 472 2270 exemplum
495 2221 541 2254 ut
562 2213 624 2255 sic
646 2213 805 2255 faciant
828 2214 981 2256 dantes
1008 2215 1216 2272 prelatis3
1242 2215 1362 2264 alias,
1386 2231 1518 2272 super
1540 2215 1623 2256 hoc

131 2283 355 2325 silentium
382 2284 580 2326 habeatis
605 2303 614 2336 ;
646 2302 667 2325 »
692 2286 950 2343 responderi
984 2294 1130 2344 potest
1158 2286 1292 2344 quod,
1325 2286 1437 2328 sicut
1465 2286 1623 2343 prelati

131 2371 176 2396 se
206 2371 293 2395 non
321 2363 507 2412 possunt
533 2356 820 2406 exhonerare,
851 2358 1045 2416 regimen
1070 2357 1363 2415 spiritualium
1392 2357 1487 2399 aliis
1516 2357 1624 2398 assi-

131 2425 325 2485 gnandO,
355 2427 417 2468 sic
446 2435 511 2468 est
537 2427 591 2469 de
612 2428 889 2486 principibus
922 2437 1123 2486 respectu
1159 2429 1482 2487 temporalium.
1516 2429 1623 2471 Nam

132 2498 244 2540 sicut
260 2498 547 2541 ecclesiarum
566 2499 680 2541 bona
697 2499 796 2541 data
817 2508 918 2542 sunt
934 2509 977 2541 et
999 2500 1230 2541 commissa
1247 2501 1428 2558 prelatis
1444 2509 1625 2558 propter

132 2571 330 2629 regimen
357 2571 598 2612 animarum
619 2571 868 2613 omnimode
891 2571 1256 2629 subportandum,
1284 2572 1345 2614 sic
1367 2572 1626 2630 temporalia

133 2640 232 2684 data
260 2650 361 2683 sunt
388 2650 430 2683 et
461 2641 638 2683 fuerunt
664 2642 958 2700 principibus,
995 2651 1042 2685 ut
1069 2659 1219 2700 pacem
1257 2644 1421 2701 ubique
1450 2659 1627 2685 suorum

133 2712 327 2754 locorum
346 2713 611 2762 custodiant,
636 2712 889 2763 defendant,
906 2714 1244 2771 quibuscunque
1261 2714 1385 2756 malis
1401 2715 1623 2761 resistant,

131 2782 343 2844 judicium
374 2792 416 2826 et
439 2784 659 2847 justiciam
697 2783 870 2836 faciant,
911 2785 1050 2829 bonos
1091 2785 1254 2848 ubique
1286 2786 1623 2835 remunerando,

1678 330 1752 356 subii·
1760 329 1891 363 suderge

1678 375 1690 392 r
1698 368 1712 392 e
1722 375 1739 400 g
1748 375 1763 391 n
1772 366 1779 391 1
1788 366 1795 392 i
1803 374 1816 392 e
1825 374 1838 391 r
1860 365 1892 391 le

1678 410 1703 427 tn
1712 404 1725 427 ἐ
1734 411 1759 427 m
1768 410 1782 427 e
1821 410 1832 426 ι
1840 409 1856 426 o
1864 406 1894 427 rt

1678 437 1757 472 qu'au
1802 436 1892 472 cierge.

1679 473 1803 500 seculier.

1643 1081 1792 1114 Argument
1832 1087 1895 1119 per-

1677 1115 1783 1141 suasis:

1678 1150 1747 1177 n’est
1759 1150 1820 1186 plus
1831 1153 1894 1176 cou-

1678 1191 1740 1213 teux
1756 1195 1808 1222 que
1822 1185 1891 1212 l'ad-

1677 1222 1892 1249 ministration

1677 1264 1708 1285 te
1716 1268 1741 1284 1n
1751 1267 1766 1294 p
1776 1267 1811 1284 οι·
1820 1267 1834 1284 e
1843 1258 1892 1284 lle.

1678 1294 1804 1329 Exemplo
1842 1293 1892 1320 tire

1677 1331 1713 1356 du
1729 1330 1833 1364 budgess
1846 1329 1893 1355 des

1678 1376 1691 1393 r
1701 1375 1715 1392 e
1723 1375 1736 1392 c
1744 1375 1758 1393 e
1766 1371 1815 1392 tte
1824 1374 1836 1391 ο
1852 1365 1868 1391 d
1877 1374 1893 1391 u

1678 1411 1691 1428 r
1698 1411 1713 1428 ο
1720 1411 1756 1438 ya
1763 1411 1781 1428 ιι
1789 1411 1814 1428 m
1822 1410 1837 1428 e
1853 1401 1871 1428 d
1881 1410 1895 1427 e

1678 1440 1808 1465 Navarre.

1837 1123 1894 1141 1¹18ss

1645 2009 1820 2045 Pourquoi
1844 2009 1897 2035 les

1679 2045 1785 2081 princes
1795 2050 1896 2080 tempo-

1679 2082 1733 2108 rels
1740 2090 1773 2108 ne
1781 2086 1895 2116 peuvent

1678 2126 1726 2153 pas
1759 2117 1815 2143 s'en
1848 2117 1896 2143 dc·-

1678 2154 1804 2187 clmrger,
1835 2158 1895 2179 tau-

1680 2189 1732 2215 dis
1755 2198 1819 2224 que
1846 2189 1898 2215 le·

1678 2225 1784 2260 princes
1810 2225 1896 2250 eccle-

1680 2261 1821 2296 siastiques
1873 2260 1897 2286 le

1680 2302 1806 2332 peuvent.
