1942 3242
439 263 499 295 DE
526 261 944 295 RECUPERATIONE
971 261 1135 294 TERRE
1165 260 1361 294 SANCTE.
1608 260 1646 292 73

152 370 249 398 rum
269 354 515 414 regionum,
544 354 580 396 si
608 352 795 411 quilibet
820 351 951 394 vellet
987 359 1030 394 et
1056 352 1272 394 niteretur
1301 351 1365 392 uti
1405 358 1642 393 consuetu-

153 426 332 469 dinibus
358 433 403 468 et
436 425 610 468 statutis
637 440 712 466 sue
739 433 857 466 terre
889 423 1062 474 natalis,
1099 431 1142 465 et
1168 422 1346 465 modum
1375 422 1643 464 causidicum

154 497 405 556 hujusmodi
440 505 558 539 terre
584 505 753 546 tenere,
796 511 848 537 ex
881 495 962 537 hac
1002 502 1261 553 sequeretur
1294 493 1494 536 confusio
1521 494 1645 536 valde

155 584 310 628 magna
347 568 656 618 habitantium,
699 575 741 609 et
780 566 1034 609 occasiones
1079 565 1250 608 infinite
1296 565 1642 617 discordiarum3

155 641 361 700 quoniam
389 640 680 682 communiter
698 638 896 681 videmus
920 637 1039 697 quod
1067 638 1248 679 cuilibet
1285 637 1384 695 plus
1412 637 1557 695 placet
1578 637 1647 679 lex

154 712 221 755 vel
238 711 510 754 consuetudo
531 727 606 754 seu
636 719 845 753 statutum
866 718 983 752 terre
1006 726 1082 751 sue
1104 709 1275 759 natalis,
1295 709 1398 750 licet
1426 708 1481 750 sit
1502 709 1645 750 minus

155 783 394 843 expediens
415 799 545 842 quam
566 783 762 834 alterius,
788 784 910 841 juxta
931 781 976 824 id
1004 781 1122 840 quod
1144 781 1322 839 scripsit
1344 780 1552 823 Ovidius:

445 937 578 972 Nescio
601 945 676 985 qua
696 936 824 972 natale
841 935 962 971 solum
982 935 1178 971 dulcedine
1197 941 1350 970 cunctos

532 997 656 1038 Ducit,
679 1002 713 1031 et
732 997 960 1031 immemores
981 1008 1052 1031 ηοιι
1074 996 1166 1030 sinit
1186 1007 1263 1029 esse
1286 995 1360 1029 sui.

154 1141 451 1199 Philosophus
491 1140 619 1182 etiam
671 1139 849 1198 scripsit
895 1138 1037 1197 quod:
1089 1138 1226 1181 Omne
1270 1125 1540 1180 massuetum
1586 1148 1649 1180 est

155 1213 420 1255 dolorosum.
461 1213 516 1254 Et
550 1211 649 1269 quia
678 1227 762 1269 pro
792 1211 904 1253 malo
940 1211 1154 1252 haberent
1182 1209 1374 1269 Anglici,
1414 1209 1647 1251 Alemanni

155 1292 197 1326 et
225 1283 436 1342 Hyspani,
468 1283 502 1325 si
526 1282 868 1325 consuetudines
892 1282 1161 1325 Gallicorum
1183 1290 1225 1323 et
1253 1281 1408 1323 modus
1440 1280 1647 1340 litigandi

155 1371 305 1398 eorum
316 1362 591 1407 tenerentur3
614 1363 656 1396 et
673 1355 772 1412 quia
790 1362 972 1412 propter
986 1353 1261 1396 diversitates
1278 1353 1646 1395 consuetudinum

155 1435 198 1469 et
225 1426 453 1469 modorum
481 1425 751 1485 procedendi
781 1425 952 1467 infinite
987 1425 1208 1467 discordie
1236 1425 1450 1475 orientur,
1494 1433 1536 1466 et
1570 1424 1646 1466 de-

155 1515 270 1541 mum
290 1514 448 1558 guerre
475 1506 754 1540 moverentur
776 1498 892 1540 inter
914 1497 1086 1548 fratres,
1125 1497 1200 1555 qui
1233 1497 1277 1539 in
1309 1497 1486 1539 Christo
1517 1496 1646 1538 debe-

156 1578 253 1612 rent
294 1571 433 1612 unum'
468 1585 580 1620 esse,
615 1572 739 1628 juxta
782 1569 893 1611 illud
931 1567 1180 1627 Apostoli¹:
1222 1569 1513 1610 Multitudinis
1553 1583 1646 1609 cre-

154 1642 344 1684 dentium
379 1651 477 1683 erat
515 1657 589 1683 cor
623 1658 773 1694 unum,
815 1651 854 1682 et
886 1644 1037 1682 anima
1073 1657 1175 1682 ιιηιι.
1210 1640 1442 1695 Quocirca,
1466 1647 1648 1698 propter

153 1712 378 1755 vitandum
401 1712 667 1754 seditionum
689 1721 730 1754 et
751 1728 1007 1771 guerrarum
1030 1712 1299 1762 occasiones,
1325 1711 1564 1769 expediens
1585 1710 1648 1752 vi-

155 1784 283 1826 detur
310 1784 513 1843 proprias
542 1784 778 1842 cujuslibet
798 1783 1063 1842 populorum
1098 1783 1151 1825 de
1184 1799 1296 1825 novo
1330 1783 1646 1841 supervenien-

154 1856 263 1898 tium
297 1855 642 1898 consuetudines
686 1865 728 1898 et
761 1856 871 1897 ritus
905 1855 1076 1897 vivendi
1126 1855 1308 1905 reicere,
1349 1854 1646 1897 verisimiliter

156 1927 333 1970 modum
360 1927 632 1986 procedendi
653 1943 786 1986 super
813 1915 963 1969 omnes
994 1927 1165 1969 facilem
1193 1927 1336 1968 minus
1358 1926 1643 1976 laboriosum,

156 2007 200 2041 et
226 1999 369 2040 minus
399 1998 688 2056 dampnosum
724 2006 766 2040 et
804 1998 1046 2040 breviorem
1091 1998 1314 2058 eligendo,
1352 2014 1482 2056 quem
1515 2013 1647 2055 super

156 2085 324 2120 omnes,
349 2070 486 2129 magis
509 2069 562 2111 de
590 2068 707 2112 facili
735 2070 985 2128 concipere,
1017 2070 1224 2120 retinere,
1249 2078 1292 2111 et
1314 2069 1359 2111 in
1380 2085 1431 2111 eo
1461 2085 1505 2111 se
1522 2085 1646 2110 exer-

156 2141 307 2191 citare,
342 2157 420 2200 per
456 2141 599 2199 ipsum
649 2141 776 2183 citius
822 2142 1144 2200 experienciam
1197 2141 1430 2199 adquirere
1474 2140 1647 2182 valcant

157 2214 335 2255 Terram
371 2214 573 2255 Sanctam
602 2213 717 2255 inter
748 2213 948 2255 inimicos
987 2213 1107 2271 pacis
1144 2213 1332 2271 positam
1365 2212 1643 2263 habitantes;

156 2284 215 2326 ita
237 2283 355 2342 quod
381 2284 496 2326 idem
525 2285 581 2326 sit
607 2284 877 2343 procedendi
900 2285 1111 2327 modusin
1129 2284 1222 2326 foro
1245 2284 1430 2326 seculari
1450 2292 1493 2326 et
1511 2283 1646 2326 eccle-

156 2355 349 2406 siastico,
380 2363 426 2397 ut
454 2356 707 2414 questiones
744 2356 984 2398 secundum
1020 2356 1139 2415 leges
1170 2356 1355 2415 scriptas
1386 2364 1428 2397 et
1456 2371 1646 2397 canones

157 2426 433 2477 decidantur,
470 2424 772 2478 dilationibus,
812 2427 1098 2486 subterfugiis
1143 2427 1374 2485 litiumque
1408 2427 1646 2485 prolonga-

155 2498 368 2550 tionibus,
411 2498 514 2540 alibi
547 2498 703 2549 solitis,
746 2499 891 2557 quoad
935 2498 1111 2541 modum
1150 2498 1422 2557 procedendi
1453 2498 1647 2540 totaliter

157 2570 406 2627 amputatis.

218 2642 302 2683 Per
323 2657 451 2699 quern
475 2641 651 2683 modum
674 2640 786 2683 infra
814 2641 988 2699 plenius
1017 2641 1324 2700 explicandum
1354 2641 1544 2682 scolares
1566 2641 1647 2682 hu-

154 2713 225 2769 jus
252 2712 517 2770 provisionis
544 2713 656 2770 juris
692 2713 916 2771 periciam,
948 2721 994 2755 ut
1021 2721 1264 2772 protactum
1293 2720 1374 2763 est,
1415 2713 1643 2763 habentes,

207 2867 240 2900 1.
268 2864 393 2906 Actes,
419 2865 484 2907 IV,
505 2868 562 2902 32.

1667 1436 1763 1471 Moyen
1775 1434 1818 1477 dsy
1834 1443 1914 1471 pour-

1755 1480 1823 1499 νοω.

1668 2081 1705 2106 De
1721 2078 1916 2113 l’abregement

1703 2115 1750 2143 des
1772 2117 1876 2151 proces.
