1942 3242
398 237 456 270 DE
488 234 909 270 RECUPERATIONE
942 233 1105 265 'PERRE
1138 232 1335 265 SANCTE.
1568 230 1607 263 35

115 329 244 371 bonis
285 342 651 386 quorumcunque
682 325 945 368 clericorum
978 339 1090 382 quos
1123 321 1339 365 decedere
1371 320 1608 379 contigerit

114 401 360 443 intestatos.

172 542 260 588 43.
287 543 412 592 Item,
431 540 578 583 statim
600 547 776 599 petatur
794 539 914 598 quod
934 539 1007 582 alii
1023 539 1277 597 quicunque
1296 553 1318 579 a
1340 537 1512 580 clericis
1537 537 1608 579 be-

116 613 331 656 neficiatis
349 612 631 663 decedentes,
657 619 856 670 quartam
871 619 1040 670 partem
1056 610 1272 653 bonorum
1291 625 1470 651 suorum
1491 609 1609 651 dicto

117 685 316 728 subsidio
334 684 588 743 relinquere
608 683 945 742 compellantur.

173 827 260 874 44.
285 829 409 878 Item,
440 835 483 870 et
499 826 619 886 quod
645 825 818 885 singule
838 841 909 868 res
936 824 1163 875 derelicte,
1188 832 1231 866 et
1252 823 1357 866 alias
1379 823 1424 866 in
1445 821 1610 865 nullius

117 899 247 942 bonis
283 899 540 949 existentes,
582 898 888 955 restitutiones
930 896 1079 939 debite
1108 896 1313 954 personis
1350 895 1531 954 ignotis,
1568 902 1611 936 et

118 970 375 1014 indistincte
415 971 547 1012 etiam
591 985 676 1028 que
716 968 994 1011 debebantur
1036 967 1256 1010 defunctis
1296 982 1483 1025 quorum
1522 981 1610 1008 non

118 1042 403 1085 inveniuntur
430 1041 633 1092 heredes,
664 1040 811 1083 omnia
843 1040 986 1099 legata
1009 1039 1172 1081 caduca
1198 1039 1381 1081 incertis
1408 1037 1612 1096 personis

119 1122 162 1156 et
204 1113 460 1156 indistincte
494 1113 663 1162 relicta,
706 1120 750 1154 et
799 1111 882 1153 alia
919 1127 1003 1169 que
1045 1110 1175 1152 modo
1218 1109 1418 1168 quolibet
1447 1109 1612 1166 absque

117 1184 261 1228 alieno
280 1184 528 1243 prejudicio
546 1184 763 1226 reservari
789 1190 832 1225 et
859 1182 1033 1240 adquiri
1053 1190 1277 1240 poterunt,
1301 1181 1445 1224 eidem
1468 1180 1612 1223 subsi-

118 1256 192 1299 dio
220 1255 410 1298 fideliter
436 1255 731 1314 applicentur.

179 1401 321 1451 [xxvi]
362 1396 449 1443 45.
502 1398 611 1439 Item
647 1404 822 1455 petatur
871 1396 991 1455 quod
1028 1397 1292 1455 patrimonia
1338 1395 1612 1455 singulorum

119 1469 405 1528 prelatorum,
421 1469 592 1511 ratione
608 1484 793 1526 quorum
813 1484 1031 1510 armorum
1047 1468 1228 1510 servicia
1245 1468 1387 1510 facere
1404 1475 1614 1509 tenentur

120 1549 163 1583 et
190 1540 433 1583 discordias
451 1547 637 1598 possunt
664 1540 708 1581 in
729 1540 849 1582 curia
877 1555 1139 1598 quacunque
1167 1539 1354 1581 seculari
1375 1539 1609 1588 sustinere,

120 1612 321 1654 similiter
344 1612 425 1653 sub
447 1611 602 1654 annuis
630 1611 920 1669 pensionibus
940 1611 1183 1670 perpetuis,
1210 1611 1342 1653 certis
1366 1619 1408 1653 et
1442 1610 1613 1652 idoneis

121 1684 430 1726 defensoribus
473 1689 689 1741 perpetuo
720 1682 979 1734 tradantur3
1025 1684 1061 1726 si
1100 1683 1366 1741 recipientes
1401 1683 1487 1724 cito
1525 1697 1613 1723 non

121 1756 415 1804 inveniantur,
449 1754 504 1797 ad
539 1754 707 1796 firmam
740 1770 838 1796 cum
874 1755 1180 1796 inchremento
1214 1770 1293 1812 per
1327 1754 1614 1796 licitationem

120 1827 352 1870 tradantur
374 1826 428 1868 ad
448 1826 676 1869 biennium
704 1842 780 1868 seu
796 1826 1053 1876 triennium,
1075 1834 1124 1868 ut
1145 1842 1295 1867 eorum
1317 1825 1436 1868 valor
1459 1825 1614 1867 melius

122 1899 300 1948 sciatur,
331 1914 385 1940 ne
412 1906 629 1956 perpetuo
652 1897 879 1939 tradentes
910 1913 1042 1955 super
1068 1897 1214 1939 valore
1243 1913 1390 1939 rerum
1421 1896 1615 1938 fraudari

123 1970 364 2028 contingat.
397 1969 660 2026 Quicunque
682 1968 808 2010 seoda
823 1968 1093 2026 prelatorum
1109 1969 1171 2010 sic
1192 1969 1475 2027 recipientes,
1500 1969 1614 2009 bona

123 2041 425 2099 contraplegia
458 2040 701 2099 assignent,
733 2056 834 2098 que,
867 2040 903 2082 si
941 2056 1029 2082 non
1064 2040 1274 2082 solverint
1303 2047 1435 2098 prout
1472 2048 1615 2081 actum

124 2112 255 2154 fuerit
281 2112 557 2170 pensionem,
591 2111 776 2153 ecclesie
809 2120 1025 2169 perpetuo
1053 2120 1323 2161 remaneant,
1358 2120 1404 2153 ut
1432 2112 1494 2153 sic
1522 2112 1614 2169 ipsa

123 2183 308 2226 ecclesia
330 2199 408 2225 suo
435 2182 582 2224 valore
606 2198 693 2224 non
716 2182 957 2226 fraudetur.

186 2256 275 2297 Hec
303 2270 388 2303 res,
415 2254 451 2296 si
477 2254 615 2312 ipsam
636 2253 731 2296 fieri
757 2253 1011 2296 toleraverit
1034 2255 1240 2312 antiquus
1262 2254 1402 2296 hostis
1423 2270 1616 2312 perpen-

126 2326 234 2368 dens
262 2342 340 2384 per
362 2325 463 2367 talia
491 2341 536 2366 se
564 2324 758 2367 fraudari
778 2325 956 2383 suisque
977 2325 1163 2367 vinculis
1191 2333 1233 2366 ct
1254 2326 1617 2384 persuasionibus

127 2397 300 2440 fortiter
330 2396 526 2448 obviari3
567 2397 603 2438 si
636 2396 795 2454 prelati
826 2397 969 2438 minus
1010 2396 1140 2438 solito
1171 2413 1250 2455 per
1291 2397 1375 2438 hoc
1409 2397 1614 2446 habeant,

128 2469 264 2511 nichil
296 2468 512 2517 amittent,
544 2467 750 2525 quoniam
779 2467 863 2509 sibi
890 2476 1074 2525 parcent
1104 2467 1235 2526 longe
1263 2468 1464 2526 amplius,
1489 2468 1619 2510 etiam

129 2539 441 2598 pecuniariter,
484 2539 527 2580 in
570 2537 738 2580 salariis
775 2537 1099 2588 advocatorum,
1147 2547 1498 2596 procuratorum,
1540 2540 1619 2580 im-

129 2612 279 2669 pensis
306 2610 498 2668 propriis
521 2609 868 2667 justiciariorum
890 2618 932 2651 et
954 2610 1138 2651 aliorum
1161 2610 1412 2660 multorum,
1438 2627 1517 2669 per
1537 2627 1620 2668 que

131 2689 454 2724 consueverunt
492 2681 537 2723 in
576 2681 666 2723 suis
707 2680 963 2739 regionibus
997 2682 1361 2739 patrimoniorum
1391 2682 1622 2724 occasione

133 2754 318 2812 gravari.

193 2824 363 2878 Quibus
391 2823 628 2883 diligenter
656 2823 962 2873 consideratis,
990 2831 1121 2881 prout
1149 2823 1300 2865 eadem
1330 2823 1624 2866 consideravit

1633 1405 1811 1441 Suppression
1844 1403 1881 1432 du

1669 1441 1799 1477 temporel
1833 1441 1880 1467 den

1669 1480 1796 1514 eveques.
