<?xml version="1.0" encoding="UTF-8"?>
<!DOCTYPE html PUBLIC "-//W3C//DTD XHTML 1.0 Transitional//EN"
    "http://www.w3.org/TR/xhtml1/DTD/xhtml1-transitional.dtd">
<html xmlns="http://www.w3.org/1999/xhtml" xml:lang="en" lang="en">
 <head>
  <title>
</title>
<meta http-equiv="Content-Type" content="text/html;charset=utf-8" />
  <meta name='ocr-system' content='tesseract 3.04.00' />
  <meta name='ocr-capabilities' content='ocr_page ocr_carea ocr_par ocr_line ocrx_word'/>
</head>
<body>
  <div class='ocr_page' id='page_1' title='image "./derecuperationet00dubouoft_0056.png"; bbox 0 0 1942 3242; ppageno 0'>
   <div class='ocr_carea' id='block_1_1' title="bbox 319 219 1268 258">
    <p class='ocr_par' dir='ltr' id='par_1_1' title="bbox 319 219 1268 258">
     <span class='ocr_line' id='line_1_1' title="bbox 319 219 1268 258; baseline 0.004 -4"><span class='ocrx_word' id='word_1_1' title='bbox 319 223 358 254; x_wconf 86' lang='lat'><strong>28</strong></span> <span class='ocrx_word' id='word_1_2' title='bbox 717 219 720 222; x_wconf 48' lang='lat'><strong>⁴</strong></span> <span class='ocrx_word' id='word_1_3' title='bbox 864 224 1046 256; x_wconf 87' lang='lat' dir='ltr'>PIERRE</span> <span class='ocrx_word' id='word_1_4' title='bbox 1077 225 1268 258; x_wconf 88' lang='lat' dir='ltr'><strong>DUBOIS.</strong></span> 
     </span>
    </p>
   </div>
   <div class='ocr_carea' id='block_1_2' title="bbox 313 312 1811 2093">
    <p class='ocr_par' dir='ltr' id='par_1_2' title="bbox 313 312 1811 2093">
     <span class='ocr_line' id='line_1_2' title="bbox 319 312 1809 375; baseline 0.004 -20"><span class='ocrx_word' id='word_1_5' title='bbox 319 312 386 355; x_wconf 92' lang='lat' dir='ltr'><strong>vel</strong></span> <span class='ocrx_word' id='word_1_6' title='bbox 408 313 680 356; x_wconf 91' lang='lat' dir='ltr'><strong>comedendo</strong></span> <span class='ocrx_word' id='word_1_7' title='bbox 708 313 949 373; x_wconf 84' lang='lat' dir='ltr'>quidquam</span> <span class='ocrx_word' id='word_1_8' title='bbox 977 314 1277 357; x_wconf 86' lang='lat' dir='ltr'><strong>desideratum</strong></span> <span class='ocrx_word' id='word_1_9' title='bbox 1312 331 1333 358; x_wconf 90' lang='lat' dir='ltr'><strong>a</strong></span> <span class='ocrx_word' id='word_1_10' title='bbox 1367 315 1456 358; x_wconf 89' lang='lat' dir='ltr'><strong>filio</strong></span> <span class='ocrx_word' id='word_1_11' title='bbox 1478 316 1598 375; x_wconf 87' lang='lat' dir='ltr'><strong>quod</strong></span> <span class='ocrx_word' id='word_1_12' title='bbox 1625 326 1741 360; x_wconf 86' lang='lat' dir='ltr'><strong>essct</strong></span> <span class='ocrx_word' id='word_1_13' title='bbox 1769 319 1809 361; x_wconf 89' lang='lat' dir='ltr'><strong>ei</strong></span> 
     </span>
     <span class='ocr_line' id='line_1_3' title="bbox 321 384 1805 447; baseline 0.004 -21"><span class='ocrx_word' id='word_1_14' title='bbox 321 384 621 438; x_wconf 82' lang='lat' dir='ltr'><strong>mortiferum3</strong></span> <span class='ocrx_word' id='word_1_15' title='bbox 653 394 696 428; x_wconf 88' lang='lat' dir='ltr'><strong>et</strong></span> <span class='ocrx_word' id='word_1_16' title='bbox 722 385 837 428; x_wconf 88' lang='lat' dir='ltr'><strong>filius</strong></span> <span class='ocrx_word' id='word_1_17' title='bbox 864 386 947 428; x_wconf 92' lang='lat' dir='ltr'><strong>hoc</strong></span> <span class='ocrx_word' id='word_1_18' title='bbox 975 402 1164 444; x_wconf 91' lang='lat' dir='ltr'><strong>sequens</strong></span> <span class='ocrx_word' id='word_1_19' title='bbox 1193 387 1439 446; x_wconf 88' lang='lat' dir='ltr'><strong>exemplum</strong></span> <span class='ocrx_word' id='word_1_20' title='bbox 1468 404 1603 446; x_wconf 89' lang='lat' dir='ltr'><strong>seque</strong></span> <span class='ocrx_word' id='word_1_21' title='bbox 1630 397 1805 447; x_wconf 88' lang='lat' dir='ltr'><strong>putans,</strong></span> 
     </span>
     <span class='ocr_line' id='line_1_4' title="bbox 321 457 1808 518; baseline 0.003 -20"><span class='ocrx_word' id='word_1_22' title='bbox 321 472 418 499; x_wconf 90' lang='lat' dir='ltr'><strong>cum</strong></span> <span class='ocrx_word' id='word_1_23' title='bbox 439 473 526 498; x_wconf 91' lang='lat' dir='ltr'><strong>non</strong></span> <span class='ocrx_word' id='word_1_24' title='bbox 549 466 680 508; x_wconf 88' lang='lat' dir='ltr'><strong>esset,</strong></span> <span class='ocrx_word' id='word_1_25' title='bbox 706 457 760 499; x_wconf 90' lang='lat' dir='ltr'><strong>ad</strong></span> <span class='ocrx_word' id='word_1_26' title='bbox 779 457 1068 517; x_wconf 85' lang='lat' dir='ltr'><strong>digerendum</strong></span> <span class='ocrx_word' id='word_1_27' title='bbox 1090 458 1236 500; x_wconf 90' lang='lat' dir='ltr'><strong>cibum</strong></span> <span class='ocrx_word' id='word_1_28' title='bbox 1253 459 1320 501; x_wconf 92' lang='lat' dir='ltr'><strong>vel</strong></span> <span class='ocrx_word' id='word_1_29' title='bbox 1341 467 1493 518; x_wconf 91' lang='lat' dir='ltr'><strong>potum</strong></span> <span class='ocrx_word' id='word_1_30' title='bbox 1512 459 1808 504; x_wconf 87' lang='lat' dir='ltr'><strong>desideratum</strong></span> 
     </span>
     <span class='ocr_line' id='line_1_5' title="bbox 320 528 1808 591; baseline 0.003 -21"><span class='ocrx_word' id='word_1_31' title='bbox 320 544 398 570; x_wconf 88' lang='lat' dir='ltr'><strong>suo</strong></span> <span class='ocrx_word' id='word_1_32' title='bbox 432 528 603 570; x_wconf 88' lang='lat' dir='ltr'><strong>medico</strong></span> <span class='ocrx_word' id='word_1_33' title='bbox 636 529 878 579; x_wconf 85' lang='lat' dir='ltr'><strong>fortiorem,</strong></span> <span class='ocrx_word' id='word_1_34' title='bbox 915 538 1113 589; x_wconf 81' lang='lat' dir='ltr'>gustaret</span> <span class='ocrx_word' id='word_1_35' title='bbox 1143 531 1325 572; x_wconf 84' lang='lat' dir='ltr'><strong>vetitum</strong></span> <span class='ocrx_word' id='word_1_36' title='bbox 1362 539 1405 573; x_wconf 89' lang='lat' dir='ltr'><strong>et</strong></span> <span class='ocrx_word' id='word_1_37' title='bbox 1441 540 1685 574; x_wconf 89' lang='lat' dir='ltr'><strong>moreretur</strong></span> <span class='ocrx_word' id='word_1_38' title='bbox 1715 535 1808 591; x_wconf 88' lang='lat' dir='ltr'><strong>ejus</strong></span> 
     </span>
     <span class='ocr_line' id='line_1_6' title="bbox 320 600 1810 660; baseline 0.003 -19"><span class='ocrx_word' id='word_1_39' title='bbox 320 600 567 651; x_wconf 85' lang='lat' dir='ltr'>occasione,</span> <span class='ocrx_word' id='word_1_40' title='bbox 592 600 699 659; x_wconf 91' lang='lat' dir='ltr'><strong>quid</strong></span> <span class='ocrx_word' id='word_1_41' title='bbox 720 601 903 643; x_wconf 82' lang='lat' dir='ltr'><strong>deberet</strong></span> <span class='ocrx_word' id='word_1_42' title='bbox 930 609 972 644; x_wconf 91' lang='lat' dir='ltr'><strong>et</strong></span> <span class='ocrx_word' id='word_1_43' title='bbox 992 610 1143 660; x_wconf 92' lang='lat' dir='ltr'><strong>posset</strong></span> <span class='ocrx_word' id='word_1_44' title='bbox 1165 618 1240 644; x_wconf 87' lang='lat' dir='ltr'><strong>rex</strong></span> <span class='ocrx_word' id='word_1_45' title='bbox 1267 602 1410 645; x_wconf 87' lang='lat' dir='ltr'><strong>facere</strong></span> <span class='ocrx_word' id='word_1_46' title='bbox 1433 602 1487 644; x_wconf 91' lang='lat' dir='ltr'><strong>de</strong></span> <span class='ocrx_word' id='word_1_47' title='bbox 1512 602 1589 646; x_wconf 86' lang='lat' dir='ltr'><strong>tali</strong></span> <span class='ocrx_word' id='word_1_48' title='bbox 1611 603 1810 647; x_wconf 81' lang='lat' dir='ltr'><strong>medico?</strong></span> 
     </span>
     <span class='ocr_line' id='line_1_7' title="bbox 320 672 1810 730; baseline 0.002 -15"><span class='ocrx_word' id='word_1_49' title='bbox 320 673 477 715; x_wconf 86' lang='lat' dir='ltr'><strong>Nonne</strong></span> <span class='ocrx_word' id='word_1_50' title='bbox 516 681 666 730; x_wconf 90' lang='lat' dir='ltr'><strong>posset</strong></span> <span class='ocrx_word' id='word_1_51' title='bbox 705 673 745 714; x_wconf 94' lang='lat' dir='ltr'><strong>ei</strong></span> <span class='ocrx_word' id='word_1_52' title='bbox 773 672 954 715; x_wconf 82' lang='lat' dir='ltr'><strong>dicere:</strong></span> <span class='ocrx_word' id='word_1_53' title='bbox 994 691 1015 714; x_wconf 86' lang='lat'><strong><em>«</em></strong></span> <span class='ocrx_word' id='word_1_54' title='bbox 1050 674 1239 718; x_wconf 87' lang='lat' dir='ltr'><strong>Vetuisti</strong></span> <span class='ocrx_word' id='word_1_55' title='bbox 1276 674 1366 716; x_wconf 91' lang='lat' dir='ltr'><strong>filio</strong></span> <span class='ocrx_word' id='word_1_56' title='bbox 1405 691 1502 716; x_wconf 90' lang='lat' dir='ltr'><strong>meo</strong></span> <span class='ocrx_word' id='word_1_57' title='bbox 1535 675 1810 718; x_wconf 88' lang='lat' dir='ltr'><strong>mortiferum</strong></span> 
     </span>
     <span class='ocr_line' id='line_1_8' title="bbox 322 743 1810 804; baseline 0.003 -20"><span class='ocrx_word' id='word_1_58' title='bbox 322 743 467 785; x_wconf 88' lang='lat' dir='ltr'><strong>cibum</strong></span> <span class='ocrx_word' id='word_1_59' title='bbox 499 743 566 785; x_wconf 87' lang='lat' dir='ltr'><strong>vel</strong></span> <span class='ocrx_word' id='word_1_60' title='bbox 599 752 751 802; x_wconf 90' lang='lat' dir='ltr'><strong>potum</strong></span> <span class='ocrx_word' id='word_1_61' title='bbox 785 760 914 802; x_wconf 90' lang='lat' dir='ltr'><strong>quem</strong></span> <span class='ocrx_word' id='word_1_62' title='bbox 950 744 1258 799; x_wconf 83' lang='lat' dir='ltr'><strong>desiderabat3</strong></span> <span class='ocrx_word' id='word_1_63' title='bbox 1295 754 1338 788; x_wconf 88' lang='lat' dir='ltr'><strong>et</strong></span> <span class='ocrx_word' id='word_1_64' title='bbox 1372 746 1473 804; x_wconf 90' lang='lat' dir='ltr'><strong>quia</strong></span> <span class='ocrx_word' id='word_1_65' title='bbox 1502 746 1599 804; x_wconf 90' lang='lat' dir='ltr'><strong>ipso</strong></span> <span class='ocrx_word' id='word_1_66' title='bbox 1632 745 1810 789; x_wconf 75' lang='lat' dir='ltr'><strong>vidente</strong></span> 
     </span>
     <span class='ocr_line' id='line_1_9' title="bbox 317 814 1809 876; baseline 0.003 -21"><span class='ocrx_word' id='word_1_67' title='bbox 317 814 562 873; x_wconf 84' lang='lat' dir='ltr'><strong>gustavisti‚</strong></span> <span class='ocrx_word' id='word_1_68' title='bbox 593 815 687 873; x_wconf 90' lang='lat' dir='ltr'><strong>ipse</strong></span> <span class='ocrx_word' id='word_1_69' title='bbox 722 815 778 856; x_wconf 92' lang='lat' dir='ltr'><strong>ob</strong></span> <span class='ocrx_word' id='word_1_70' title='bbox 804 815 889 857; x_wconf 93' lang='lat' dir='ltr'><strong>hoc</strong></span> <span class='ocrx_word' id='word_1_71' title='bbox 923 815 1149 858; x_wconf 81' lang='lat' dir='ltr'><strong>ardentius</strong></span> <span class='ocrx_word' id='word_1_72' title='bbox 1183 825 1413 875; x_wconf 88' lang='lat' dir='ltr'><strong>appetens,</strong></span> <span class='ocrx_word' id='word_1_73' title='bbox 1451 818 1588 876; x_wconf 83' lang='lat' dir='ltr'><strong>magis</strong></span> <span class='ocrx_word' id='word_1_74' title='bbox 1623 817 1809 860; x_wconf 88' lang='lat' dir='ltr'><strong>credens</strong></span> 
     </span>
     <span class='ocr_line' id='line_1_10' title="bbox 318 886 1805 946; baseline 0.003 -19"><span class='ocrx_word' id='word_1_75' title='bbox 318 886 430 928; x_wconf 85' lang='lat' dir='ltr'><strong>sacto</strong></span> <span class='ocrx_word' id='word_1_76' title='bbox 451 895 527 928; x_wconf 93' lang='lat' dir='ltr'><strong>tuo</strong></span> <span class='ocrx_word' id='word_1_77' title='bbox 549 902 678 944; x_wconf 89' lang='lat' dir='ltr'><strong>quam</strong></span> <span class='ocrx_word' id='word_1_78' title='bbox 698 887 849 937; x_wconf 85' lang='lat' dir='ltr'><strong>verbo,</strong></span> <span class='ocrx_word' id='word_1_79' title='bbox 874 888 1065 946; x_wconf 85' lang='lat' dir='ltr'><strong>gustavit</strong></span> <span class='ocrx_word' id='word_1_80' title='bbox 1086 896 1128 929; x_wconf 86' lang='lat' dir='ltr'><strong>et</strong></span> <span class='ocrx_word' id='word_1_81' title='bbox 1149 897 1346 930; x_wconf 88' lang='lat' dir='ltr'><strong>mortuus</strong></span> <span class='ocrx_word' id='word_1_82' title='bbox 1370 897 1436 931; x_wconf 90' lang='lat' dir='ltr'><strong>est</strong></span> <span class='ocrx_word' id='word_1_83' title='bbox 1457 890 1538 931; x_wconf 85' lang='lat' dir='ltr'><strong>hac</strong></span> <span class='ocrx_word' id='word_1_84' title='bbox 1559 890 1805 933; x_wconf 83' lang='lat' dir='ltr'><strong>occasione.</strong></span> 
     </span>
     <span class='ocr_line' id='line_1_11' title="bbox 316 958 1809 1019; baseline 0.002 -19"><span class='ocrx_word' id='word_1_85' title='bbox 316 959 473 1001; x_wconf 90' lang='lat' dir='ltr'><strong>Nonne</strong></span> <span class='ocrx_word' id='word_1_86' title='bbox 494 958 663 1000; x_wconf 82' lang='lat' dir='ltr'><strong>sciebas</strong></span> <span class='ocrx_word' id='word_1_87' title='bbox 692 958 810 1016; x_wconf 89' lang='lat' dir='ltr'><strong>quod</strong></span> <span class='ocrx_word' id='word_1_88' title='bbox 838 959 913 1017; x_wconf 90' lang='lat' dir='ltr'><strong>qui</strong></span> <span class='ocrx_word' id='word_1_89' title='bbox 941 959 1216 1001; x_wconf 84' lang='lat' dir='ltr'><strong>occasionem</strong></span> <span class='ocrx_word' id='word_1_90' title='bbox 1245 959 1423 1018; x_wconf 91' lang='lat' dir='ltr'><strong>dampni</strong></span> <span class='ocrx_word' id='word_1_91' title='bbox 1451 960 1540 1014; x_wconf 84' lang='lat' dir='ltr'><strong>dat,</strong></span> <span class='ocrx_word' id='word_1_92' title='bbox 1572 960 1809 1019; x_wconf 87' lang='lat' dir='ltr'><strong>dampnum</strong></span> 
     </span>
     <span class='ocr_line' id='line_1_12' title="bbox 318 1029 1808 1091; baseline 0.003 -20"><span class='ocrx_word' id='word_1_93' title='bbox 318 1029 492 1071; x_wconf 89' lang='lat' dir='ltr'><strong>dedisse</strong></span> <span class='ocrx_word' id='word_1_94' title='bbox 528 1029 743 1072; x_wconf 76' lang='lat' dir='ltr'><strong>videtur?</strong></span> <span class='ocrx_word' id='word_1_95' title='bbox 777 1031 830 1072; x_wconf 88' lang='lat' dir='ltr'><strong>Et</strong></span> <span class='ocrx_word' id='word_1_96' title='bbox 873 1031 991 1088; x_wconf 92' lang='lat' dir='ltr'><strong>quod</strong></span> <span class='ocrx_word' id='word_1_97' title='bbox 1033 1033 1171 1089; x_wconf 89' lang='lat' dir='ltr'><strong>majus</strong></span> <span class='ocrx_word' id='word_1_98' title='bbox 1211 1041 1277 1073; x_wconf 89' lang='lat' dir='ltr'><strong>est</strong></span> <span class='ocrx_word' id='word_1_99' title='bbox 1316 1032 1475 1074; x_wconf 88' lang='lat' dir='ltr'><strong>docere</strong></span> <span class='ocrx_word' id='word_1_100' title='bbox 1519 1032 1633 1074; x_wconf 83' lang='lat' dir='ltr'><strong>facto</strong></span> <span class='ocrx_word' id='word_1_101' title='bbox 1680 1049 1808 1091; x_wconf 90' lang='lat' dir='ltr'><strong>quam</strong></span> 
     </span>
     <span class='ocr_line' id='line_1_13' title="bbox 316 1092 1809 1163; baseline 0.003 -21"><span class='ocrx_word' id='word_1_102' title='bbox 316 1101 490 1143; x_wconf 82' lang='lat' dir='ltr'><strong>verbo?</strong></span> <span class='ocrx_word' id='word_1_103' title='bbox 522 1102 577 1143; x_wconf 89' lang='lat' dir='ltr'><strong>Et</strong></span> <span class='ocrx_word' id='word_1_104' title='bbox 610 1101 729 1159; x_wconf 91' lang='lat' dir='ltr'><strong>quod</strong></span> <span class='ocrx_word' id='word_1_105' title='bbox 762 1102 900 1144; x_wconf 88' lang='lat' dir='ltr'><strong>virtus</strong></span> <span class='ocrx_word' id='word_1_106' title='bbox 940 1103 1298 1161; x_wconf 90' lang='lat' dir='ltr'><strong>concupiscibilis</strong></span> <span class='ocrx_word' id='word_1_107' title='bbox 1329 1092 1420 1145; x_wconf 79' lang='lat' dir='ltr'><strong>viso</strong></span> <span class='ocrx_word' id='word_1_108' title='bbox 1455 1104 1644 1162; x_wconf 84' lang='lat' dir='ltr'><strong>objecto,</strong></span> <span class='ocrx_word' id='word_1_109' title='bbox 1685 1105 1809 1163; x_wconf 85' lang='lat' dir='ltr'><strong>quasi</strong></span> 
     </span>
     <span class='ocr_line' id='line_1_14' title="bbox 318 1172 1805 1234; baseline 0.003 -20"><span class='ocrx_word' id='word_1_110' title='bbox 318 1172 412 1215; x_wconf 90' lang='lat' dir='ltr'><strong>sine</strong></span> <span class='ocrx_word' id='word_1_111' title='bbox 440 1174 765 1231; x_wconf 87' lang='lat' dir='ltr'><strong>comparatione</strong></span> <span class='ocrx_word' id='word_1_112' title='bbox 799 1174 898 1232; x_wconf 92' lang='lat' dir='ltr'><strong>plus</strong></span> <span class='ocrx_word' id='word_1_113' title='bbox 929 1182 1142 1225; x_wconf 87' lang='lat' dir='ltr'><strong>movetur,</strong></span> <span class='ocrx_word' id='word_1_114' title='bbox 1182 1183 1225 1216; x_wconf 89' lang='lat' dir='ltr'><strong>et</strong></span> <span class='ocrx_word' id='word_1_115' title='bbox 1257 1175 1483 1217; x_wconf 83' lang='lat' dir='ltr'><strong>ardentius</strong></span> <span class='ocrx_word' id='word_1_116' title='bbox 1516 1176 1805 1234; x_wconf 89' lang='lat' dir='ltr'><strong>concupiscit,</strong></span> 
     </span>
     <span class='ocr_line' id='line_1_15' title="bbox 318 1245 1809 1305; baseline 0.003 -19"><span class='ocrx_word' id='word_1_117' title='bbox 318 1261 447 1303; x_wconf 86' lang='lat' dir='ltr'><strong>quam</strong></span> <span class='ocrx_word' id='word_1_118' title='bbox 481 1261 570 1286; x_wconf 91' lang='lat' dir='ltr'><strong>non</strong></span> <span class='ocrx_word' id='word_1_119' title='bbox 605 1245 734 1287; x_wconf 79' lang='lat' dir='ltr'><strong>viso?</strong></span> <span class='ocrx_word' id='word_1_120' title='bbox 770 1247 927 1289; x_wconf 89' lang='lat' dir='ltr'><strong>Nonne</strong></span> <span class='ocrx_word' id='word_1_121' title='bbox 960 1246 1044 1287; x_wconf 91' lang='lat' dir='ltr'><strong>hoc</strong></span> <span class='ocrx_word' id='word_1_122' title='bbox 1077 1246 1318 1304; x_wconf 88' lang='lat' dir='ltr'><strong>percepisti</strong></span> <span class='ocrx_word' id='word_1_123' title='bbox 1351 1247 1396 1288; x_wconf 91' lang='lat' dir='ltr'><strong>in</strong></span> <span class='ocrx_word' id='word_1_124' title='bbox 1433 1247 1557 1305; x_wconf 88' lang='lat' dir='ltr'><strong>equis</strong></span> <span class='ocrx_word' id='word_1_125' title='bbox 1592 1255 1634 1289; x_wconf 89' lang='lat' dir='ltr'><strong>et</strong></span> <span class='ocrx_word' id='word_1_126' title='bbox 1671 1247 1809 1290; x_wconf 89' lang='lat' dir='ltr'><strong>tauris</strong></span> 
     </span>
     <span class='ocr_line' id='line_1_16' title="bbox 316 1316 1805 1377; baseline 0.001 -19"><span class='ocrx_word' id='word_1_127' title='bbox 316 1325 520 1374; x_wconf 85' lang='lat' dir='ltr'><strong>respectu</strong></span> <span class='ocrx_word' id='word_1_128' title='bbox 567 1316 745 1358; x_wconf 89' lang='lat' dir='ltr'><strong>feminei</strong></span> <span class='ocrx_word' id='word_1_129' title='bbox 790 1333 917 1359; x_wconf 86' lang='lat' dir='ltr'><strong>sexus</strong></span> <span class='ocrx_word' id='word_1_130' title='bbox 961 1318 1147 1360; x_wconf 78' lang='lat' dir='ltr'><strong>eorum?</strong></span> <span class='ocrx_word' id='word_1_131' title='bbox 1190 1319 1345 1361; x_wconf 90' lang='lat' dir='ltr'><strong>Nonne</strong></span> <span class='ocrx_word' id='word_1_132' title='bbox 1391 1318 1498 1360; x_wconf 91' lang='lat' dir='ltr'><strong>dicit</strong></span> <span class='ocrx_word' id='word_1_133' title='bbox 1545 1319 1773 1377; x_wconf 85' lang='lat' dir='ltr'><strong>Scriptura</strong></span> <span class='ocrx_word' id='word_1_134' title='bbox 1798 1336 1805 1360; x_wconf 92' lang='lat'>:</span> 
     </span>
     <span class='ocr_line' id='line_1_17' title="bbox 316 1389 1806 1448; baseline 0.003 -19"><span class='ocrx_word' id='word_1_135' title='bbox 316 1389 543 1446; x_wconf 76' lang='lat' dir='ltr'><strong>Fugienda</strong></span> <span class='ocrx_word' id='word_1_136' title='bbox 581 1392 803 1431; x_wconf 80' lang='lat' dir='ltr'><strong>consortia</strong></span> <span class='ocrx_word' id='word_1_137' title='bbox 840 1390 1069 1431; x_wconf 79' lang='lat' dir='ltr'><strong>mulierum</strong></span> <span class='ocrx_word' id='word_1_138' title='bbox 1115 1399 1160 1431; x_wconf 81' lang='lat' dir='ltr'><strong>ut</strong></span> <span class='ocrx_word' id='word_1_139' title='bbox 1197 1393 1337 1432; x_wconf 80' lang='lat' dir='ltr'><strong>minus</strong></span> <span class='ocrx_word' id='word_1_140' title='bbox 1375 1393 1682 1448; x_wconf 67' lang='lat' dir='ltr'><strong>appetantur?</strong></span> <span class='ocrx_word' id='word_1_141' title='bbox 1726 1391 1806 1441; x_wconf 91' lang='lat' dir='ltr'><strong>Tu,</strong></span> 
     </span>
     <span class='ocr_line' id='line_1_18' title="bbox 315 1459 1810 1520; baseline 0.002 -19"><span class='ocrx_word' id='word_1_142' title='bbox 315 1467 358 1501; x_wconf 90' lang='lat' dir='ltr'><strong>te</strong></span> <span class='ocrx_word' id='word_1_143' title='bbox 380 1459 574 1502; x_wconf 88' lang='lat' dir='ltr'><strong>vendens</strong></span> <span class='ocrx_word' id='word_1_144' title='bbox 602 1460 709 1502; x_wconf 87' lang='lat' dir='ltr'><strong>mihi</strong></span> <span class='ocrx_word' id='word_1_145' title='bbox 730 1477 810 1518; x_wconf 90' lang='lat' dir='ltr'><strong>pro</strong></span> <span class='ocrx_word' id='word_1_146' title='bbox 831 1461 974 1518; x_wconf 90' lang='lat' dir='ltr'><strong>perito</strong></span> <span class='ocrx_word' id='word_1_147' title='bbox 996 1469 1039 1502; x_wconf 93' lang='lat' dir='ltr'><strong>et</strong></span> <span class='ocrx_word' id='word_1_148' title='bbox 1061 1469 1257 1519; x_wconf 86' lang='lat' dir='ltr'><strong>experto,</strong></span> <span class='ocrx_word' id='word_1_149' title='bbox 1282 1461 1429 1504; x_wconf 84' lang='lat' dir='ltr'><strong>taliter</strong></span> <span class='ocrx_word' id='word_1_150' title='bbox 1450 1470 1601 1503; x_wconf 91' lang='lat' dir='ltr'><strong>contra</strong></span> <span class='ocrx_word' id='word_1_151' title='bbox 1623 1477 1692 1504; x_wconf 89' lang='lat' dir='ltr'><strong>me</strong></span> <span class='ocrx_word' id='word_1_152' title='bbox 1712 1478 1810 1520; x_wconf 90' lang='lat' dir='ltr'><strong>pec-</strong></span> 
     </span>
     <span class='ocr_line' id='line_1_19' title="bbox 317 1531 1810 1591; baseline 0.001 -17"><span class='ocrx_word' id='word_1_153' title='bbox 317 1532 449 1583; x_wconf 84' lang='lat' dir='ltr'><strong>casti3</strong></span> <span class='ocrx_word' id='word_1_154' title='bbox 480 1531 685 1590; x_wconf 90' lang='lat' dir='ltr'><strong>laqueum</strong></span> <span class='ocrx_word' id='word_1_155' title='bbox 712 1532 941 1575; x_wconf 86' lang='lat' dir='ltr'><strong>tetendisti</strong></span> <span class='ocrx_word' id='word_1_156' title='bbox 975 1549 1054 1590; x_wconf 87' lang='lat' dir='ltr'><strong>per</strong></span> <span class='ocrx_word' id='word_1_157' title='bbox 1081 1549 1208 1591; x_wconf 89' lang='lat' dir='ltr'><strong>quem</strong></span> <span class='ocrx_word' id='word_1_158' title='bbox 1239 1533 1353 1575; x_wconf 88' lang='lat' dir='ltr'><strong>filius</strong></span> <span class='ocrx_word' id='word_1_159' title='bbox 1387 1550 1509 1575; x_wconf 91' lang='lat' dir='ltr'><strong>meus</strong></span> <span class='ocrx_word' id='word_1_160' title='bbox 1537 1533 1810 1576; x_wconf 88' lang='lat' dir='ltr'><strong>mortiferum</strong></span> 
     </span>
     <span class='ocr_line' id='line_1_20' title="bbox 317 1604 1806 1663; baseline 0.001 -18"><span class='ocrx_word' id='word_1_161' title='bbox 317 1604 508 1663; x_wconf 86' lang='lat' dir='ltr'><strong>gustavit</strong></span> <span class='ocrx_word' id='word_1_162' title='bbox 529 1612 571 1646; x_wconf 88' lang='lat' dir='ltr'><strong>et</strong></span> <span class='ocrx_word' id='word_1_163' title='bbox 598 1605 654 1646; x_wconf 91' lang='lat' dir='ltr'><strong>ob</strong></span> <span class='ocrx_word' id='word_1_164' title='bbox 681 1604 765 1646; x_wconf 90' lang='lat' dir='ltr'><strong>hoc</strong></span> <span class='ocrx_word' id='word_1_165' title='bbox 793 1604 1010 1657; x_wconf 85' lang='lat' dir='ltr'><strong>decessit3</strong></span> <span class='ocrx_word' id='word_1_166' title='bbox 1040 1605 1085 1646; x_wconf 89' lang='lat' dir='ltr'><strong>in</strong></span> <span class='ocrx_word' id='word_1_167' title='bbox 1114 1605 1241 1663; x_wconf 88' lang='lat' dir='ltr'><strong>culpa</strong></span> <span class='ocrx_word' id='word_1_168' title='bbox 1269 1604 1354 1647; x_wconf 84' lang='lat' dir='ltr'><strong>lata</strong></span> <span class='ocrx_word' id='word_1_169' title='bbox 1375 1606 1527 1647; x_wconf 83' lang='lat' dir='ltr'><strong>mortis</strong></span> <span class='ocrx_word' id='word_1_170' title='bbox 1549 1607 1642 1663; x_wconf 89' lang='lat' dir='ltr'><strong>ejus</strong></span> <span class='ocrx_word' id='word_1_171' title='bbox 1670 1606 1806 1656; x_wconf 67' lang='lat' dir='ltr'><strong>fuisti,</strong></span> 
     </span>
     <span class='ocr_line' id='line_1_21' title="bbox 317 1675 1809 1736; baseline 0.001 -19"><span class='ocrx_word' id='word_1_172' title='bbox 317 1675 548 1718; x_wconf 88' lang='lat' dir='ltr'><strong>etidcirco</strong></span> <span class='ocrx_word' id='word_1_173' title='bbox 570 1676 787 1718; x_wconf 87' lang='lat' dir='ltr'><strong>morieris.</strong></span> <span class='ocrx_word' id='word_1_174' title='bbox 815 1693 836 1716; x_wconf 91' lang='lat'>»</span> <span class='ocrx_word' id='word_1_175' title='bbox 868 1676 976 1730; x_wconf 89' lang='lat' dir='ltr'><strong>Quis</strong></span> <span class='ocrx_word' id='word_1_176' title='bbox 998 1676 1166 1718; x_wconf 90' lang='lat' dir='ltr'><strong>diceret</strong></span> <span class='ocrx_word' id='word_1_177' title='bbox 1187 1692 1336 1736; x_wconf 86' lang='lat' dir='ltr'><strong>regem</strong></span> <span class='ocrx_word' id='word_1_178' title='bbox 1362 1677 1494 1719; x_wconf 89' lang='lat' dir='ltr'><strong>istum</strong></span> <span class='ocrx_word' id='word_1_179' title='bbox 1522 1693 1601 1735; x_wconf 89' lang='lat' dir='ltr'><strong>per</strong></span> <span class='ocrx_word' id='word_1_180' title='bbox 1628 1677 1712 1719; x_wconf 88' lang='lat' dir='ltr'><strong>hoc</strong></span> <span class='ocrx_word' id='word_1_181' title='bbox 1739 1677 1809 1719; x_wconf 86' lang='lat' dir='ltr'><strong>in-</strong></span> 
     </span>
     <span class='ocr_line' id='line_1_22' title="bbox 313 1747 1810 1807; baseline 0.001 -18"><span class='ocrx_word' id='word_1_182' title='bbox 313 1748 431 1805; x_wconf 84' lang='lat' dir='ltr'><strong>juste</strong></span> <span class='ocrx_word' id='word_1_183' title='bbox 463 1747 726 1804; x_wconf 82' lang='lat' dir='ltr'><strong>judicasse?</strong></span> <span class='ocrx_word' id='word_1_184' title='bbox 764 1749 920 1790; x_wconf 86' lang='lat' dir='ltr'><strong>Nonne</strong></span> <span class='ocrx_word' id='word_1_185' title='bbox 958 1747 1156 1790; x_wconf 86' lang='lat' dir='ltr'><strong>videmus</strong></span> <span class='ocrx_word' id='word_1_186' title='bbox 1197 1748 1442 1798; x_wconf 60' lang='lat' dir='ltr'><strong>manifeste,</strong></span> <span class='ocrx_word' id='word_1_187' title='bbox 1486 1747 1605 1806; x_wconf 90' lang='lat' dir='ltr'><strong>quod</strong></span> <span class='ocrx_word' id='word_1_188' title='bbox 1651 1748 1810 1807; x_wconf 87' lang='lat' dir='ltr'><strong>prelati</strong></span> 
     </span>
     <span class='ocr_line' id='line_1_23' title="bbox 317 1819 1808 1878; baseline 0.001 -18"><span class='ocrx_word' id='word_1_189' title='bbox 317 1827 501 1877; x_wconf 85' lang='lat' dir='ltr'><strong>propter</strong></span> <span class='ocrx_word' id='word_1_190' title='bbox 535 1819 848 1878; x_wconf 85' lang='lat' dir='ltr'><strong>occupationes</strong></span> <span class='ocrx_word' id='word_1_191' title='bbox 881 1820 1190 1878; x_wconf 82' lang='lat' dir='ltr'><strong>temporalium</strong></span> <span class='ocrx_word' id='word_1_192' title='bbox 1221 1820 1351 1861; x_wconf 88' lang='lat' dir='ltr'><strong>etiam</strong></span> <span class='ocrx_word' id='word_1_193' title='bbox 1387 1819 1675 1871; x_wconf 90' lang='lat' dir='ltr'><strong>modicorum,</strong></span> <span class='ocrx_word' id='word_1_194' title='bbox 1714 1820 1808 1862; x_wconf 91' lang='lat' dir='ltr'><strong>sine</strong></span> 
     </span>
     <span class='ocr_line' id='line_1_24' title="bbox 319 1890 1809 1949; baseline 0.001 -17"><span class='ocrx_word' id='word_1_195' title='bbox 319 1891 480 1948; x_wconf 88' lang='lat' dir='ltr'><strong>quibus</strong></span> <span class='ocrx_word' id='word_1_196' title='bbox 499 1907 589 1932; x_wconf 87' lang='lat' dir='ltr'><strong>non</strong></span> <span class='ocrx_word' id='word_1_197' title='bbox 617 1891 761 1933; x_wconf 91' lang='lat' dir='ltr'><strong>minus</strong></span> <span class='ocrx_word' id='word_1_198' title='bbox 783 1891 896 1933; x_wconf 90' lang='lat' dir='ltr'><strong>bene</strong></span> <span class='ocrx_word' id='word_1_199' title='bbox 916 1891 1129 1942; x_wconf 80' lang='lat' dir='ltr'><strong>viverent,</strong></span> <span class='ocrx_word' id='word_1_200' title='bbox 1161 1891 1371 1933; x_wconf 89' lang='lat' dir='ltr'><strong>deserunt</strong></span> <span class='ocrx_word' id='word_1_201' title='bbox 1398 1890 1654 1949; x_wconf 89' lang='lat' dir='ltr'><strong>frequenter</strong></span> <span class='ocrx_word' id='word_1_202' title='bbox 1675 1899 1718 1933; x_wconf 91' lang='lat' dir='ltr'><strong>et</strong></span> <span class='ocrx_word' id='word_1_203' title='bbox 1738 1908 1809 1934; x_wconf 90' lang='lat' dir='ltr'><strong>ne·</strong></span> 
     </span>
     <span class='ocr_line' id='line_1_25' title="bbox 318 1962 1810 2022; baseline 0.001 -19"><span class='ocrx_word' id='word_1_204' title='bbox 318 1962 493 2021; x_wconf 84' lang='lat' dir='ltr'><strong>gligunt</strong></span> <span class='ocrx_word' id='word_1_205' title='bbox 521 1962 814 2020; x_wconf 83' lang='lat' dir='ltr'><strong>spiritualium</strong></span> <span class='ocrx_word' id='word_1_206' title='bbox 843 1979 990 2005; x_wconf 89' lang='lat' dir='ltr'><strong>curam</strong></span> <span class='ocrx_word' id='word_1_207' title='bbox 1015 1963 1033 2006; x_wconf 75' lang='grc' dir='ltr'>Ρ</span> <span class='ocrx_word' id='word_1_208' title='bbox 1057 1964 1213 2006; x_wconf 90' lang='lat' dir='ltr'><strong>Nonne</strong></span> <span class='ocrx_word' id='word_1_209' title='bbox 1247 1970 1349 2005; x_wconf 91' lang='lat' dir='ltr'><strong>sunt</strong></span> <span class='ocrx_word' id='word_1_210' title='bbox 1375 1963 1512 2022; x_wconf 86' lang='lat' dir='ltr'><strong>magis</strong></span> <span class='ocrx_word' id='word_1_211' title='bbox 1545 1962 1724 2005; x_wconf 88' lang='lat' dir='ltr'><strong>solliciti</strong></span> <span class='ocrx_word' id='word_1_212' title='bbox 1756 1963 1810 2005; x_wconf 91' lang='lat' dir='ltr'><strong>de</strong></span> 
     </span>
     <span class='ocr_line' id='line_1_26' title="bbox 319 2034 1811 2093; baseline 0.001 -18"><span class='ocrx_word' id='word_1_213' title='bbox 319 2034 627 2076; x_wconf 85' lang='lat' dir='ltr'><strong>defensoribus</strong></span> <span class='ocrx_word' id='word_1_214' title='bbox 647 2035 953 2092; x_wconf 85' lang='lat' dir='ltr'><strong>temporalium</strong></span> <span class='ocrx_word' id='word_1_215' title='bbox 971 2051 1148 2077; x_wconf 91' lang='lat' dir='ltr'><strong>suorum</strong></span> <span class='ocrx_word' id='word_1_216' title='bbox 1167 2051 1296 2093; x_wconf 90' lang='lat' dir='ltr'><strong>quam</strong></span> <span class='ocrx_word' id='word_1_217' title='bbox 1313 2034 1637 2092; x_wconf 83' lang='lat' dir='ltr'><strong>spiritualium?</strong></span> <span class='ocrx_word' id='word_1_218' title='bbox 1655 2035 1811 2078; x_wconf 92' lang='lat' dir='ltr'><strong>Nonne</strong></span> 
     </span>
    </p>
   </div>
   <div class='ocr_carea' id='block_1_3' title="bbox 320 2105 1810 2219">
    <p class='ocr_par' dir='ltr' id='par_1_3' title="bbox 320 2105 1810 2219">
     <span class='ocr_line' id='line_1_27' title="bbox 320 2105 1810 2164; baseline 0.002 -18"><span class='ocrx_word' id='word_1_219' title='bbox 320 2105 458 2164; x_wconf 86' lang='lat' dir='ltr'><strong>magis</strong></span> <span class='ocrx_word' id='word_1_220' title='bbox 491 2105 611 2164; x_wconf 91' lang='lat' dir='ltr'><strong>ipsos</strong></span> <span class='ocrx_word' id='word_1_221' title='bbox 645 2114 928 2148; x_wconf 88' lang='lat' dir='ltr'><strong>remunerant</strong></span> <span class='ocrx_word' id='word_1_222' title='bbox 962 2122 1015 2154; x_wconf 57' lang='lat' dir='ltr'><strong>ac,</strong></span> <span class='ocrx_word' id='word_1_223' title='bbox 1044 2122 1325 2148; x_wconf 85' lang='lat' dir='ltr'><strong>remunerare</strong></span> <span class='ocrx_word' id='word_1_224' title='bbox 1363 2106 1535 2148; x_wconf 88' lang='lat' dir='ltr'><strong>notorie</strong></span> <span class='ocrx_word' id='word_1_225' title='bbox 1571 2122 1810 2149; x_wconf 89' lang='lat' dir='ltr'><strong>consueve-</strong></span> 
     </span>
     <span class='ocr_line' id='line_1_28' title="bbox 321 2177 455 2219; baseline 0 -1"><span class='ocrx_word' id='word_1_226' title='bbox 321 2177 455 2219; x_wconf 82' lang='lat' dir='ltr'><strong>runt?</strong></span> 
     </span>
    </p>
   </div>
   <div class='ocr_carea' id='block_1_4' title="bbox 53 2320 1814 2594">
    <p class='ocr_par' dir='ltr' id='par_1_4' title="bbox 53 2320 1811 2520">
     <span class='ocr_line' id='line_1_29' title="bbox 53 2320 1811 2380; baseline 0 -18"><span class='ocrx_word' id='word_1_227' title='bbox 53 2331 153 2371; x_wconf 72' lang='lat' dir='ltr'><strong>fletqur</strong></span> <span class='ocrx_word' id='word_1_228' title='bbox 173 2339 224 2371; x_wconf 56' lang='lat' dir='ltr'><strong>,sur</strong></span> <span class='ocrx_word' id='word_1_229' title='bbox 243 2330 301 2357; x_wconf 84' lang='lat' dir='ltr'><strong>l&#39;in-</strong></span> <span class='ocrx_word' id='word_1_230' title='bbox 379 2324 468 2374; x_wconf 85' lang='lat' dir='ltr'>[XX]</span> <span class='ocrx_word' id='word_1_231' title='bbox 495 2321 651 2363; x_wconf 90' lang='lat' dir='ltr'><strong>Nonne</strong></span> <span class='ocrx_word' id='word_1_232' title='bbox 682 2320 915 2362; x_wconf 86' lang='lat' dir='ltr'><strong>inferiores</strong></span> <span class='ocrx_word' id='word_1_233' title='bbox 944 2321 1083 2362; x_wconf 87' lang='lat' dir='ltr'><strong>curati</strong></span> <span class='ocrx_word' id='word_1_234' title='bbox 1110 2320 1367 2371; x_wconf 87' lang='lat' dir='ltr'><strong>animarum,</strong></span> <span class='ocrx_word' id='word_1_235' title='bbox 1394 2321 1455 2362; x_wconf 90' lang='lat' dir='ltr'><strong>sic</strong></span> <span class='ocrx_word' id='word_1_236' title='bbox 1476 2321 1675 2363; x_wconf 90' lang='lat' dir='ltr'><strong>videntes</strong></span> <span class='ocrx_word' id='word_1_237' title='bbox 1705 2336 1811 2380; x_wconf 90' lang='lat' dir='ltr'><strong>ope-</strong></span> 
     </span>
     <span class='ocr_line' id='line_1_30' title="bbox 88 2365 1810 2450; baseline 0.003 -22"><span class='ocrx_word' id='word_1_238' title='bbox 88 2365 218 2437; x_wconf 39' lang='lat'><strong>3:531?</strong></span> <span class='ocrx_word' id='word_1_239' title='bbox 242 2366 300 2393; x_wconf 56' lang='lat' dir='ltr'><strong>de·</strong></span> <span class='ocrx_word' id='word_1_240' title='bbox 321 2391 406 2433; x_wconf 87' lang='lat' dir='ltr'><strong>rari</strong></span> <span class='ocrx_word' id='word_1_241' title='bbox 431 2407 532 2433; x_wconf 91' lang='lat' dir='ltr'><strong>suos</strong></span> <span class='ocrx_word' id='word_1_242' title='bbox 559 2393 762 2450; x_wconf 83' lang='lat' dir='ltr'><strong>majores,</strong></span> <span class='ocrx_word' id='word_1_243' title='bbox 794 2400 1023 2434; x_wconf 86' lang='lat' dir='ltr'><strong>moventur</strong></span> <span class='ocrx_word' id='word_1_244' title='bbox 1051 2391 1104 2434; x_wconf 91' lang='lat' dir='ltr'><strong>ad</strong></span> <span class='ocrx_word' id='word_1_245' title='bbox 1131 2392 1249 2450; x_wconf 90' lang='lat' dir='ltr'><strong>ipsos</strong></span> <span class='ocrx_word' id='word_1_246' title='bbox 1278 2392 1552 2442; x_wconf 87' lang='lat' dir='ltr'><strong>imitandum,</strong></span> <span class='ocrx_word' id='word_1_247' title='bbox 1584 2400 1627 2434; x_wconf 90' lang='lat' dir='ltr'><strong>et</strong></span> <span class='ocrx_word' id='word_1_248' title='bbox 1654 2391 1810 2434; x_wconf 82' lang='lat' dir='ltr'><strong>similia</strong></span> 
     </span>
     <span class='ocr_line' id='line_1_31' title="bbox 321 2462 1810 2520; baseline 0 -16"><span class='ocrx_word' id='word_1_249' title='bbox 321 2479 453 2520; x_wconf 84' lang='lat' dir='ltr'><strong>opera</strong></span> <span class='ocrx_word' id='word_1_250' title='bbox 476 2479 596 2504; x_wconf 90' lang='lat' dir='ltr'><strong>more</strong></span> <span class='ocrx_word' id='word_1_251' title='bbox 618 2463 779 2505; x_wconf 86' lang='lat' dir='ltr'><strong>brutali</strong></span> <span class='ocrx_word' id='word_1_252' title='bbox 802 2463 1050 2505; x_wconf 83' lang='lat' dir='ltr'><strong>faciendum</strong></span> <span class='ocrx_word' id='word_1_253' title='bbox 1070 2464 1087 2505; x_wconf 75' lang='lat' dir='ltr'><strong>P</strong></span> <span class='ocrx_word' id='word_1_254' title='bbox 1107 2465 1262 2505; x_wconf 91' lang='lat' dir='ltr'><strong>Nonne</strong></span> <span class='ocrx_word' id='word_1_255' title='bbox 1296 2464 1339 2505; x_wconf 92' lang='lat' dir='ltr'><strong>in</strong></span> <span class='ocrx_word' id='word_1_256' title='bbox 1372 2463 1542 2512; x_wconf 69' lang='lat' dir='ltr'><strong>eodem,</strong></span> <span class='ocrx_word' id='word_1_257' title='bbox 1573 2463 1685 2505; x_wconf 87' lang='lat' dir='ltr'><strong>sicut</strong></span> <span class='ocrx_word' id='word_1_258' title='bbox 1715 2462 1810 2504; x_wconf 87' lang='lat' dir='ltr'><strong>dili-</strong></span> 
     </span>
    </p>

    <p class='ocr_par' dir='ltr' id='par_1_5' title="bbox 321 2534 1814 2594">
     <span class='ocr_line' id='line_1_32' title="bbox 321 2534 1814 2594; baseline 0.001 -19"><span class='ocrx_word' id='word_1_259' title='bbox 321 2534 475 2593; x_wconf 85' lang='lat' dir='ltr'><strong>gencia</strong></span> <span class='ocrx_word' id='word_1_260' title='bbox 506 2535 685 2576; x_wconf 85' lang='lat' dir='ltr'><strong>attrahit</strong></span> <span class='ocrx_word' id='word_1_261' title='bbox 713 2534 1008 2593; x_wconf 84' lang='lat' dir='ltr'><strong>diligenciam,</strong></span> <span class='ocrx_word' id='word_1_262' title='bbox 1046 2534 1107 2576; x_wconf 92' lang='lat' dir='ltr'><strong>sic</strong></span> <span class='ocrx_word' id='word_1_263' title='bbox 1141 2535 1417 2594; x_wconf 84' lang='lat' dir='ltr'><strong>negligencia</strong></span> <span class='ocrx_word' id='word_1_264' title='bbox 1451 2534 1814 2593; x_wconf 84' lang='lat' dir='ltr'><strong>negligenciam?</strong></span> 
     </span>
    </p>
   </div>
   <div class='ocr_carea' id='block_1_5' title="bbox 321 2605 1811 2666">
    <p class='ocr_par' dir='ltr' id='par_1_6' title="bbox 321 2605 1811 2666">
     <span class='ocr_line' id='line_1_33' title="bbox 321 2605 1811 2666; baseline -0.001 -18"><span class='ocrx_word' id='word_1_265' title='bbox 321 2607 477 2648; x_wconf 88' lang='lat' dir='ltr'><strong>Nonne</strong></span> <span class='ocrx_word' id='word_1_266' title='bbox 522 2605 630 2647; x_wconf 86' lang='lat' dir='ltr'><strong>dicit</strong></span> <span class='ocrx_word' id='word_1_267' title='bbox 677 2605 895 2648; x_wconf 82' lang='lat' dir='ltr'><strong>Salvator¹</strong></span> <span class='ocrx_word' id='word_1_268' title='bbox 930 2623 937 2647; x_wconf 89' lang='lat'>:</span> <span class='ocrx_word' id='word_1_269' title='bbox 981 2607 1242 2666; x_wconf 70' lang='lat' dir='ltr'><strong>Exemplum</strong></span> <span class='ocrx_word' id='word_1_270' title='bbox 1274 2607 1328 2647; x_wconf 82' lang='lat' dir='ltr'><strong>do</strong></span> <span class='ocrx_word' id='word_1_271' title='bbox 1360 2606 1490 2659; x_wconf 73' lang='lat' dir='ltr'><strong>vobis,</strong></span> <span class='ocrx_word' id='word_1_272' title='bbox 1529 2616 1573 2647; x_wconf 82' lang='lat' dir='ltr'><strong>ut</strong></span> <span class='ocrx_word' id='word_1_273' title='bbox 1609 2605 1811 2664; x_wconf 81' lang='lat' dir='ltr'><strong>quemad-</strong></span> 
     </span>
    </p>
   </div>
   <div class='ocr_carea' id='block_1_6' title="bbox 320 2776 1809 2873">
    <p class='ocr_par' dir='ltr' id='par_1_7' title="bbox 320 2776 1809 2873">
     <span class='ocr_line' id='line_1_34' title="bbox 371 2776 1809 2827; baseline 0 -16"><span class='ocrx_word' id='word_1_274' title='bbox 371 2780 402 2812; x_wconf 92' lang='lat'><strong>1.</strong></span> <span class='ocrx_word' id='word_1_275' title='bbox 433 2778 659 2818; x_wconf 80' lang='lat' dir='ltr'>J0h.,X111,</span> <span class='ocrx_word' id='word_1_276' title='bbox 685 2779 741 2813; x_wconf 90' lang='lat'><strong>15.</strong></span> <span class='ocrx_word' id='word_1_277' title='bbox 765 2779 816 2812; x_wconf 91' lang='lat' dir='ltr'><strong>Le</strong></span> <span class='ocrx_word' id='word_1_278' title='bbox 851 2783 948 2812; x_wconf 70' lang='lat' dir='ltr'><strong>texte</strong></span> <span class='ocrx_word' id='word_1_279' title='bbox 979 2783 1060 2812; x_wconf 83' lang='lat' dir='ltr'><strong>est:</strong></span> <span class='ocrx_word' id='word_1_280' title='bbox 1091 2780 1135 2812; x_wconf 78' lang='lat' dir='ltr'><strong>Ut</strong></span> <span class='ocrx_word' id='word_1_281' title='bbox 1165 2776 1478 2827; x_wconf 76' lang='lat' dir='ltr'><strong>quemadmodum</strong></span> <span class='ocrx_word' id='word_1_282' title='bbox 1509 2789 1572 2824; x_wconf 77' lang='lat' dir='ltr'><strong>ego</strong></span> <span class='ocrx_word' id='word_1_283' title='bbox 1600 2776 1673 2822; x_wconf 82' lang='lat' dir='ltr'><strong>feci</strong></span> <span class='ocrx_word' id='word_1_284' title='bbox 1693 2776 1809 2820; x_wconf 70' lang='lat' dir='ltr'><strong>vobis,</strong></span> 
     </span>
     <span class='ocr_line' id='line_1_35' title="bbox 320 2825 699 2873; baseline 0 -13"><span class='ocrx_word' id='word_1_285' title='bbox 320 2825 374 2860; x_wconf 82' lang='lat' dir='ltr'><strong>sic</strong></span> <span class='ocrx_word' id='word_1_286' title='bbox 396 2831 429 2860; x_wconf 84' lang='lat' dir='ltr'><strong>et</strong></span> <span class='ocrx_word' id='word_1_287' title='bbox 450 2837 509 2860; x_wconf 75' lang='lat' dir='ltr'><strong>vos</strong></span> <span class='ocrx_word' id='word_1_288' title='bbox 527 2826 699 2873; x_wconf 73' lang='lat' dir='ltr'><strong>faciatis,</strong></span> 
     </span>
    </p>
   </div>
  </div>
 </body>
</html>
