1942 3242
415 228 474 261 DE
503 226 921 261 RECUPERATIONE
949 226 1112 259 TERRE
1142 226 1338 259 SANCTE.
1560 226 1620 258 115

131 319 249 379 regis
276 330 319 361 et
346 334 499 361 eorum
532 318 608 377 qui
636 328 790 360 tenent
816 317 941 359 feoda
969 316 1175 359 debentia
1203 315 1436 358 servicium
1464 315 1622 372 hujus-

133 390 253 434 modi
273 389 460 432 interest
480 405 668 449 regnum
696 388 892 439 defendi,
924 388 1002 430 sed
1035 388 1165 430 etiam
1204 387 1400 446 plurium
1435 386 1622 428 aliorum

133 462 210 520 qui
231 461 381 504 franca
411 471 563 503 tenent
585 460 728 510 feoda,
761 459 939 518 speciali
969 459 1153 502 servicio
1188 475 1277 501 non
1304 459 1517 500 honerata
1547 457 1625 499 sed

134 533 284 584 etiam,
302 533 407 575 licet
428 532 592 582 minus,
618 533 927 590 cujuscunque
950 531 1004 573 de
1025 531 1192 590 populo
1208 529 1284 588 qui
1306 540 1460 572 tenent
1480 529 1622 578 feoda,

135 605 402 664 plerumque
429 604 562 663 longe
589 603 774 645 minoris
804 602 981 653 valoris,
1012 613 1056 644 et
1082 601 1241 644 annuis
1269 601 1518 644 redditibus
1546 601 1627 642 ho-

136 687 304 728 nerata,
336 687 384 718 ut
406 676 452 717 in
479 674 684 734 pluribus
706 675 798 717 fere
819 690 961 732 usque
990 673 1044 716 ad
1065 684 1206 716 totum
1231 673 1299 715 vel
1321 673 1474 715 saltem
1504 671 1627 714 dimi-

136 747 259 790 dium
287 762 483 790 annuum
512 746 629 788 feodi
650 746 857 788 valorem.

201 853 316 901 122.
359 855 551 896 Interest
586 853 717 896 etiam
753 852 1058 895 ministrorum
1100 852 1297 895 Ecclesie
1327 868 1514 911 regnum
1553 850 1630 894 de-

139 926 276 977 fendi,
318 937 503 984 propter
547 941 700 983 eorum
738 924 984 983 spiritualia
1020 936 1064 966 et
1099 924 1358 982 temporalia
1398 924 1630 966 commoda

139 997 381 1040 sensibilia.
426 998 481 1039 Et
521 996 584 1038 sic
621 1012 774 1038 omnes
818 1007 923 1038 sunt
960 995 1144 1038 vocandi
1190 996 1402 1038 debentes
1449 995 1631 1038 servicia

138 1080 322 1128 propter
354 1068 463 1111 duas
494 1084 646 1110 causas
674 1079 717 1110 et
746 1067 954 1118 rationes,
986 1084 1072 1126 que
1099 1068 1200 1126 plus
1229 1079 1471 1127 operantur
1500 1084 1630 1126 quam

139 1157 252 1183 una:
282 1139 490 1182 videlicet
526 1139 691 1182 debent
711 1140 796 1181 hoc
833 1139 1068 1181 servicium
1098 1139 1312 1197 quociens
1341 1139 1507 1181 eminet
1528 1155 1631 1180 nec-

138 1211 335 1262 cessitas,
369 1223 413 1253 et
442 1212 500 1254 ob
520 1211 603 1254 hoc
631 1210 758 1253 feoda
785 1211 1066 1262 habuerunt;
1103 1212 1160 1252 ob
1196 1211 1279 1253 hoc
1319 1210 1526 1253 dominus
1555 1210 1630 1268 qui

138 1294 245 1326 tunc
291 1294 385 1326 erat
421 1299 499 1325 rex
550 1282 613 1325 eis
653 1282 778 1325 feoda
819 1282 1067 1335 concessit3
1106 1293 1150 1324 et
1192 1298 1345 1325 eorum
1386 1282 1632 1340 quemlibet

139 1354 338 1397 defendit
375 1365 419 1396 et
457 1353 697 1396 defendere
726 1364 904 1396 tenetur
939 1365 1093 1396 contra
1126 1353 1371 1412 quemlibet
1407 1370 1630 1396 armorum

137 1425 399 1468 violenciam
435 1424 728 1477 inferentem3
776 1435 820 1467 et
852 1425 916 1467 sic
947 1425 1132 1468 interest
1168 1442 1321 1468 eorum
1361 1437 1407 1467 ut
1444 1425 1632 1467 reddant

140 1497 260 1556 quod
287 1496 466 1547 debent,
491 1508 534 1540 et
552 1496 655 1555 quia
677 1512 831 1555 pacem
859 1497 1021 1539 habere
1044 1497 1225 1555 suisque
1248 1497 1392 1547 bonis,
1418 1508 1465 1539 ut
1491 1496 1630 1540 virtu-

139 1569 257 1611 tibus
298 1579 343 1611 et
381 1567 585 1610 scienciis
625 1567 928 1626 adquirendis,
970 1584 1123 1611 vacare
1162 1568 1267 1611 alias
1304 1585 1392 1610 non
1428 1580 1626 1627 possent.

139 1640 327 1691 Idcirco,
359 1655 458 1682 curn
487 1639 623 1682 instat
650 1639 932 1690 neccessitas,
962 1640 1105 1698 primo
1132 1640 1318 1682 vocandi
1348 1652 1467 1691 sunt,
1498 1652 1555 1689 et,
1595 1641 1631 1682 si

139 1710 302 1754 sufficit
349 1711 561 1754 auxilium
607 1711 728 1770 qued
773 1711 937 1754 debent
978 1712 1045 1754 vel
1091 1711 1291 1754 sufficere
1333 1712 1631 1754 verisimiliter

140 1782 352 1833 creditur,
389 1782 424 1824 si
462 1782 669 1825 dominus
709 1799 785 1825 rex
825 1794 952 1825 vocet
987 1799 1062 1825 eos
1102 1783 1178 1842 qui
1219 1800 1308 1826 non
1349 1783 1513 1826 debent
1548 1784 1632 1826 hoc

141 1853 289 1896 nobile
323 1853 574 1904 servicium,
601 1853 750 1912 querit
776 1865 826 1896 ut
852 1853 914 1896 eis
943 1866 1114 1905 noceat,
1145 1871 1234 1897 non
1269 1866 1318 1897 ut
1351 1855 1432 1897 sibi
1461 1855 1629 1913 prosit;

141 1941 194 1967 ex
214 1941 302 1983 quo
331 1925 811 1983 sequitur-secundum
843 1925 1140 1984 provisionem
1174 1927 1361 1986 legalem
1401 1927 1522 1985 quod
1548 1928 1632 1970 hoc

142 2012 231 2038 non
257 2007 324 2039 est
350 1996 495 2038 eidem
525 1996 874 2056 ignoscendum3
899 2008 943 2040 et
972 1998 1035 2040 sic
1066 2009 1220 2056 peccat
1256 1998 1500 2041 mortaliter
1531 1999 1632 2057 quia

141 2078 266 2109 vocat
293 2067 518 2125 etjudicat
545 2084 633 2109 non
661 2068 872 2110 debentes
899 2069 1135 2120 vocandos,
1167 2086 1266 2112 cum
1290 2086 1379 2112 non
1408 2070 1510 2113 sint.

206 2173 323 2219 123.
361 2173 406 2216 Si
444 2190 546 2216 vero
577 2174 784 2218 dominus
816 2191 906 2227 rex,
946 2175 1110 2219 saniori
1142 2193 1231 2235 quo
1266 2189 1412 2235 potest
1442 2177 1632 2236 fungens

144 2244 346 2295 consilio,
384 2245 559 2303 judicat
591 2246 789 2290 omnium
826 2247 1086 2290 debentium
1134 2264 1359 2291 armorum
1398 2249 1631 2292 servicium

144 2315 354 2359 auxilium
390 2316 474 2358 sibi
513 2333 601 2359 non
647 2317 865 2370 sufficere,
906 2330 1054 2378 potest
1089 2336 1244 2362 vocare
1276 2321 1629 2371 retrobannium‚

143 2387 351 2430 videlicet
370 2387 513 2446 primo
535 2388 746 2432 auxilium
769 2390 917 2433 franca
931 2391 1059 2434 feoda
1080 2392 1345 2443 tenentium,
1371 2404 1429 2443 et,
1454 2392 1490 2434 si
1512 2391 1632 2435 suffi-

145 2458 245 2509 ciat,
283 2458 416 2501 debet
449 2475 545 2501 esse
579 2471 839 2514 contentus3
877 2461 912 2504 si
940 2478 1029 2504 non
1067 2462 1269 2514 sufficiat,
1300 2480 1455 2506 vocare
1484 2464 1631 2515 debet,

145 2530 353 2588 quatinus
383 2530 628 2573 secundum
661 2548 813 2574 verum
850 2545 894 2576 et
927 2545 1098 2577 rectum
1123 2534 1341 2593 judicium
1376 2535 1459 2578 sibi
1491 2536 1630 2587 deest,

145 2611 188 2643 et
215 2617 303 2643 non
333 2602 463 2651 ultra,
507 2602 717 2645 auxilium
754 2604 922 2662 populi,
966 2605 1010 2647 id
1045 2616 1112 2648 est
1147 2606 1346 2649 omnium
1382 2607 1509 2649 feoda
1545 2624 1634 2649 non

147 2671 295 2715 franca
322 2673 567 2716 tenentium
584 2672 608 2715 ¹.

197 2827 230 2860 1.
259 2825 405 2861 Dubois
423 2827 521 2862 avait
541 2828 575 2862 la
594 2829 679 2874 plus
701 2828 812 2863 haute
830 2829 912 2863 idee
935 2830 1001 2864 des
1031 2842 1254 2865 ressources
1288 2833 1486 2867 militaires
1522 2834 1566 2867 de
1599 2833 1633 2867 la

1651 858 1686 885 Ce
1703 858 1766 894 qu'il
1783 857 1899 884 faudrait

1736 894 1811 920 faire.

1652 1441 1706 1465 Ban
1731 1437 1778 1465 des
1804 1437 1897 1464 semla-

1722 1475 1819 1510 taires5

1689 2261 1791 2289 arx-iere
1804 2262 1865 2288 bun.
