1942 3242
0 2835 13 2958 5

402 243 461 277 DE
490 241 912 276 RECUPERATIONE
941 239 1102 274 TERRE
1135 240 1333 273 SANCTE.
1552 240 1611 272 113

117 343 291 394 reputat
312 334 467 376 debere
486 335 573 376 dici
591 349 684 375 esse
701 337 745 375 in
766 333 921 374 mondo
946 332 1064 391 quod
1087 331 1338 373 ordinatum
1360 341 1424 372 est
1449 339 1611 373 servat-

116 421 199 465 que
217 416 426 448 naturam
449 421 465 460 ,·
487 417 545 456 et,
577 416 626 448 ut
643 404 704 447 ait
719 404 1040 462 Philosophus:
1067 404 1190 445 Sicut
1212 403 1396 444 mondus
1417 412 1526 444 totus
1550 413 1613 444 est

118 493 244 532 unus,
267 481 433 520 unitate
445 478 738 519 ordinationis
761 476 884 533 finis,
907 491 1028 534 quem
1053 490 1200 516 omnes
1225 483 1425 533 querunt,
1449 477 1526 533 qui
1550 483 1614 515 est

109 552 306 607 primum
334 552 617 607 principium,
650 548 767 607 quod
800 548 933 589 Deum
966 547 1273 605 appellatnu55
1302 548 1363 587 sic
1395 549 1612 587 exercitus

119 630 183 662 est
207 636 331 674 unus,
363 624 528 662 unitate
547 621 851 671 ordinationis,
889 634 1020 678 quam
1042 621 1181 677 querit
1206 618 1297 659 dux
1314 618 1427 671 belli,
1455 620 1528 676 qui
1551 627 1612 659 est

121 695 315 745 victoria,
341 708 469 751 quam
498 707 678 751 querere
705 690 860 732 debent
889 705 1036 731 omnes
1058 699 1098 731 et
1126 689 1292 747 singuli
1316 690 1368 730 de
1389 692 1612 742 exercitu;

121 779 258 822 seque
274 763 327 806 ad
345 763 429 805 hoc
444 762 649 805 ordinare
666 772 849 820 propter
871 762 1037 803 bonum
1060 761 1208 812 finem,
1233 759 1441 803 videlicet
1462 771 1510 802 ut
1531 776 1615 818 pax

120 845 335 894 perpetua
352 835 583 885 habeatur,
606 845 649 876 et
668 845 715 876 ut
735 844 934 891 tempore
954 832 1074 891 pacis
1093 832 1240 890 plene,
1267 831 1421 883 libere,
1448 843 1490 874 et
1510 848 1613 890 per·-

121 905 234 948 fecte
266 922 418 948 vacare
446 905 620 964 possint
648 904 852 947 homines
884 903 1123 946 virtutibus
1160 915 1203 945 et
1236 903 1439 946 scienciis
1468 903 1613 962 acqui—

121 977 285 1019 rendis.
306 978 396 1036 Qui
406 978 522 1019 alias
537 977 701 1035 appetit
718 977 873 1018 bellum
888 985 1073 1034 propter
1090 976 1245 1017 bellum
1269 979 1313 1017 in
1333 976 1423 1032 sine
1445 976 1615 1018 malicie

120 1058 197 1102 est,
221 1060 270 1091 ut
290 1060 478 1091 testatur
494 1048 810 1106 Philosophus.
833 1047 919 1102 Qui
939 1047 1000 1088 sic
1016 1046 1246 1089 humiliter
1264 1063 1342 1104 per
1358 1046 1440 1089 Dei
1462 1058 1614 1105 poten-

121 1119 248 1171 ciam,
264 1136 354 1162 non
371 1120 596 1179 propriam
616 1118 844 1162 victoriam
869 1130 911 1160 et
927 1135 1079 1177 pacem
1095 1119 1256 1177 querit,
1277 1118 1445 1161 invenit
1461 1135 1614 1177 pacem

123 1191 221 1242 Dei,
252 1208 330 1251 que
348 1202 531 1251 superat
556 1207 724 1233 omnem
751 1207 940 1244 sensum,
967 1191 1211 1233 secundum
1239 1190 1546 1249 Apostolum¹.

187 1333 303 1380 120.
341 1334 389 1378 Si
409 1346 558 1377 tantus
579 1334 789 1393 princeps
813 1351 891 1377 rex
919 1337 1192 1378 Francorum
1215 1350 1304 1376 non
1327 1335 1510 1377 haberet
1531 1334 1615 1377 nisi

126 1406 306 1449 unicum
334 1405 490 1456 filium,
513 1405 558 1448 in
581 1422 719 1465 regno
742 1406 822 1448 sibi
839 1422 1168 1457 successurum,
1193 1405 1287 1448 sine
1310 1422 1470 1466 magno
1492 1418 1612 1451 metu

124 1476 367 1536 probabilis
396 1493 523 1519 casus
552 1493 640 1519 non
673 1477 963 1519 constitueret
990 1494 1091 1520 eum
1120 1478 1277 1520 ducem
1305 1478 1410 1520 belli
1437 1479 1613 1537 pericu—

124 1548 232 1601 losi;
257 1565 337 1591 nec
370 1548 639 1591 constitutus
674 1549 731 1591 ita
765 1565 919 1591 secure
959 1549 1279 1608 aggrederetur
1315 1550 1530 1593 terribilia
1569 1551 1613 1593 in

125 1619 287 1678 quibus
313 1636 429 1662 mors
451 1619 682 1670 emineret,
714 1620 828 1663 sicut
849 1620 884 1662 si
912 1621 1063 1678 plures
1085 1621 1242 1663 fratres
1266 1622 1463 1664 haberet.
1497 1624 1613 1682 Ergo

126 1707 272 1750 regem
304 1691 450 1749 ipsum
487 1702 529 1733 et
562 1691 700 1734 filium
732 1694 826 1749 ejus
862 1691 1210 1751 primogenitum
1252 1692 1379 1735 decet
1408 1710 1614 1752 procrea-

127 1762 236 1805 tioni
254 1761 496 1805 liberorum
523 1779 693 1814 vacare,
724 1774 767 1805 et
794 1763 902 1805 alios
930 1763 1042 1806 filios
1065 1780 1113 1806 ac
1135 1764 1291 1806 fratres
1319 1764 1454 1807 duces
1476 1766 1615 1808 bello-

127 1850 224 1877 rum
254 1833 552 1886 constituere3
578 1845 627 1877 ut
660 1834 777 1876 enim
812 1835 871 1876 ait
898 1835 1222 1893 Philosophus:
1256 1837 1500 1891 Fortitudo,
1539 1854 1618 1897 que

128 1921 272 1947 omnes
293 1906 527 1947 militantes
543 1907 655 1964 facit
675 1909 901 1959 virtuosos,
923 1907 1053 1949 bonos
1078 1917 1118 1949 et
1127 1910 1289 1965 justos,
1309 1918 1372 1950 est
1392 1910 1617 1967 aggressio

131 1976 384 2019 terribilium
407 1980 450 2018 in
472 1978 628 2036 quibus
647 1994 764 2019 mors
786 1981 955 2030 eminet,
983 1989 1167 2037 propter
1196 1979 1349 2021 bonum
1376 1996 1614 2034 commune,

130 2063 216 2090 non
234 2051 500 2106 proprium,·
538 2048 764 2106 quoniam,
801 2060 849 2091 ut
888 2050 948 2092 ait
978 2049 1022 2091 in
1044 2050 1267 2109 Polytica:
1309 2053 1519 2111 Princeps
1549 2057 1622 2112 qui

129 2120 393 2172 dominatur,
416 2130 599 2178 propter
624 2136 669 2162 se
695 2136 876 2179 querens
898 2122 1121 2164 commoda
1139 2126 1344 2181 propria,
1368 2140 1454 2165 non
1482 2127 1620 2183 reipu-

130 2190 248 2243 blice,
273 2191 360 2232 dici
383 2206 468 2232 non
493 2191 617 2233 debet
633 2195 855 2250 princeps,
886 2194 965 2235 sed
988 2203 1221 2250 tyrannus.
1257 2194 1311 2236 Et
1345 2194 1379 2236 si
1421 2207 1578 2253 querat
1598 2213 1619 2238 a

131 2263 224 2304 Deo
251 2277 331 2319 per
357 2262 451 2319 ejus
473 2262 739 2320 potenciam,
763 2263 1008 2315 humiliter,
1034 2266 1200 2307 bonum
1223 2281 1473 2318 commune,
1498 2267 1620 2309 vide-

132 2331 235 2375 licet
262 2332 398 2374 solam
421 2333 606 2376 salutem
635 2333 895 2393 reipublice,
927 2336 1215 2394 consequitur
1245 2337 1358 2379 bona
1379 2338 1558 2396 propria
1580 2350 1623 2381 et

133 2404 363 2446 commoda
386 2404 500 2447 sieut
526 2405 670 2447 omnia
694 2407 807 2448 bona
839 2407 986 2449 mondi
1017 2419 1236 2450 venerunt
1264 2408 1489 2451 Salomoni
1521 2427 1619 2452 cum

133 2475 370 2534 sapiencia,
397 2492 528 2533 quam
552 2476 688 2519 solam
714 2493 735 2520 a
763 2478 956 2520 Domino
979 2478 1233 2537 postulavit.

194 2551 342 2602 [LXXV]
390 2549 453 2589 De
488 2547 572 2589 hiis
615 2559 658 2591 et
693 2549 885 2607 qualiter
924 2566 1108 2610 guerras
1153 2551 1358 2610 expediat
1398 2552 1623 2595 modernis

134 2618 407 2677 temporibus
436 2618 672 2678 plusquam
708 2620 812 2663 olim
835 2622 1075 2674 abreviare,
1101 2623 1277 2681 plenius
1303 2622 1469 2666 dictum
1493 2636 1558 2666 est
1580 2624 1623 2667 in

134 2689 283 2732 libello
304 2692 367 2733 De
387 2691 683 2734 abreviatione
693 2707 963 2750 guerrarum
983 2695 1176 2737 etlilium
1192 2699 1318 2753 regni
1329 2697 1623 2749 Francorum,

186 2828 449 2886 1.'1³hi1.,1v,
477 2845 508 2882 7.

345 2921 460 2955 Pierre
483 2921 622 2955 Dubois.
1402 2926 1420 2958 8

1636 1420 1688 1446 Son
1702 1418 1742 1445 fils
1758 1420 1817 1446 alne
1833 1426 1884 1444 non

1723 1454 1792 1491 plus.
