<?xml version="1.0" encoding="UTF-8"?>
<!DOCTYPE html PUBLIC "-//W3C//DTD XHTML 1.0 Transitional//EN"
    "http://www.w3.org/TR/xhtml1/DTD/xhtml1-transitional.dtd">
<html xmlns="http://www.w3.org/1999/xhtml" xml:lang="en" lang="en">
 <head>
  <title>
</title>
<meta http-equiv="Content-Type" content="text/html;charset=utf-8" />
  <meta name='ocr-system' content='tesseract 3.04.00' />
  <meta name='ocr-capabilities' content='ocr_page ocr_carea ocr_par ocr_line ocrx_word'/>
</head>
<body>
  <div class='ocr_page' id='page_1' title='image "./derecuperationet00dubouoft_0082.png"; bbox 0 0 1942 3242; ppageno 0'>
   <div class='ocr_carea' id='block_1_1' title="bbox 323 213 1270 248">
    <p class='ocr_par' dir='ltr' id='par_1_1' title="bbox 323 213 1270 248">
     <span class='ocr_line' id='line_1_1' title="bbox 323 213 1270 248; baseline 0.004 -4"><span class='ocrx_word' id='word_1_1' title='bbox 323 213 363 244; x_wconf 71' lang='lat'>54</span> <span class='ocrx_word' id='word_1_2' title='bbox 398 234 399 237; x_wconf 57' lang='lat'><em>=</em></span> <span class='ocrx_word' id='word_1_3' title='bbox 863 214 1048 246; x_wconf 85' lang='lat' dir='ltr'>PIERRE</span> <span class='ocrx_word' id='word_1_4' title='bbox 1078 215 1270 248; x_wconf 91' lang='lat' dir='ltr'>DUBOIS.</span> 
     </span>
    </p>
   </div>
   <div class='ocr_carea' id='block_1_2' title="bbox 323 303 1838 2289">
    <p class='ocr_par' dir='ltr' id='par_1_2' title="bbox 323 303 1816 646">
     <span class='ocr_line' id='line_1_2' title="bbox 323 303 1815 352; baseline 0.005 -7"><span class='ocrx_word' id='word_1_5' title='bbox 323 303 510 346; x_wconf 81' lang='lat' dir='ltr'>Mondus</span> <span class='ocrx_word' id='word_1_6' title='bbox 541 313 606 345; x_wconf 87' lang='lat' dir='ltr'>est</span> <span class='ocrx_word' id='word_1_7' title='bbox 637 319 745 345; x_wconf 79' lang='lat' dir='ltr'>unus</span> <span class='ocrx_word' id='word_1_8' title='bbox 772 307 940 346; x_wconf 81' lang='lat' dir='ltr'>unitate</span> <span class='ocrx_word' id='word_1_9' title='bbox 971 305 1262 348; x_wconf 77' lang='lat' dir='ltr'>ordinationis</span> <span class='ocrx_word' id='word_1_10' title='bbox 1286 309 1395 348; x_wconf 84' lang='lat' dir='ltr'>sieut</span> <span class='ocrx_word' id='word_1_11' title='bbox 1419 311 1653 350; x_wconf 76' lang='lat' dir='ltr'>exercitus.</span> <span class='ocrx_word' id='word_1_12' title='bbox 1685 310 1815 352; x_wconf 88' lang='lat' dir='ltr'>Exer-</span> 
     </span>
     <span class='ocr_line' id='line_1_3' title="bbox 325 373 1812 437; baseline 0.005 -22"><span class='ocrx_word' id='word_1_13' title='bbox 325 373 459 415; x_wconf 82' lang='lat' dir='ltr'>citum</span> <span class='ocrx_word' id='word_1_14' title='bbox 481 383 624 416; x_wconf 87' lang='lat' dir='ltr'>autem</span> <span class='ocrx_word' id='word_1_15' title='bbox 643 391 777 416; x_wconf 91' lang='lat' dir='ltr'>unum</span> <span class='ocrx_word' id='word_1_16' title='bbox 804 375 948 417; x_wconf 88' lang='lat' dir='ltr'>facere</span> <span class='ocrx_word' id='word_1_17' title='bbox 969 391 1048 433; x_wconf 88' lang='lat' dir='ltr'>per</span> <span class='ocrx_word' id='word_1_18' title='bbox 1069 376 1283 418; x_wconf 87' lang='lat' dir='ltr'>unitatem</span> <span class='ocrx_word' id='word_1_19' title='bbox 1305 377 1404 419; x_wconf 89' lang='lat' dir='ltr'>finis</span> <span class='ocrx_word' id='word_1_20' title='bbox 1430 378 1484 419; x_wconf 92' lang='lat' dir='ltr'>ad</span> <span class='ocrx_word' id='word_1_21' title='bbox 1505 395 1635 437; x_wconf 89' lang='lat' dir='ltr'>quem</span> <span class='ocrx_word' id='word_1_22' title='bbox 1654 380 1812 430; x_wconf 88' lang='lat' dir='ltr'>tendit,</span> 
     </span>
     <span class='ocr_line' id='line_1_4' title="bbox 325 445 1816 509; baseline 0.005 -23"><span class='ocrx_word' id='word_1_23' title='bbox 325 445 401 503; x_wconf 92' lang='lat' dir='ltr'>qui</span> <span class='ocrx_word' id='word_1_24' title='bbox 422 453 487 487; x_wconf 91' lang='lat' dir='ltr'>est</span> <span class='ocrx_word' id='word_1_25' title='bbox 506 446 704 496; x_wconf 90' lang='lat' dir='ltr'>victoria,</span> <span class='ocrx_word' id='word_1_26' title='bbox 723 446 1029 504; x_wconf 79' lang='lat' dir='ltr'>principaliter</span> <span class='ocrx_word' id='word_1_27' title='bbox 1047 448 1240 505; x_wconf 75' lang='lat' dir='ltr'>pertinet</span> <span class='ocrx_word' id='word_1_28' title='bbox 1261 448 1315 490; x_wconf 87' lang='lat' dir='ltr'>ad</span> <span class='ocrx_word' id='word_1_29' title='bbox 1329 449 1484 491; x_wconf 90' lang='lat' dir='ltr'>ducem</span> <span class='ocrx_word' id='word_1_30' title='bbox 1507 458 1549 491; x_wconf 90' lang='lat' dir='ltr'>et</span> <span class='ocrx_word' id='word_1_31' title='bbox 1568 451 1816 509; x_wconf 89' lang='lat' dir='ltr'>principem</span> 
     </span>
     <span class='ocr_line' id='line_1_5' title="bbox 324 517 1816 580; baseline 0.005 -22"><span class='ocrx_word' id='word_1_32' title='bbox 324 517 542 559; x_wconf 85' lang='lat' dir='ltr'>exercitus</span> <span class='ocrx_word' id='word_1_33' title='bbox 559 535 568 568; x_wconf 92' lang='lat'>;</span> <span class='ocrx_word' id='word_1_34' title='bbox 593 517 796 559; x_wconf 90' lang='lat' dir='ltr'>similiter</span> <span class='ocrx_word' id='word_1_35' title='bbox 814 526 956 560; x_wconf 89' lang='lat' dir='ltr'>totum</span> <span class='ocrx_word' id='word_1_36' title='bbox 972 517 1180 561; x_wconf 89' lang='lat' dir='ltr'>mondum</span> <span class='ocrx_word' id='word_1_37' title='bbox 1198 535 1333 562; x_wconf 91' lang='lat' dir='ltr'>unum</span> <span class='ocrx_word' id='word_1_38' title='bbox 1354 519 1497 562; x_wconf 88' lang='lat' dir='ltr'>facere</span> <span class='ocrx_word' id='word_1_39' title='bbox 1512 521 1816 580; x_wconf 83' lang='lat' dir='ltr'>principaliter</span> 
     </span>
     <span class='ocr_line' id='line_1_6' title="bbox 323 588 1018 646; baseline 0.001 -16"><span class='ocrx_word' id='word_1_40' title='bbox 323 588 515 646; x_wconf 80' lang='lat' dir='ltr'>pertinet</span> <span class='ocrx_word' id='word_1_41' title='bbox 537 588 591 630; x_wconf 91' lang='lat' dir='ltr'>ad</span> <span class='ocrx_word' id='word_1_42' title='bbox 609 590 702 646; x_wconf 85' lang='lat' dir='ltr'>ejus</span> <span class='ocrx_word' id='word_1_43' title='bbox 721 590 1018 632; x_wconf 88' lang='lat' dir='ltr'>monarcham.</span> 
     </span>
    </p>

    <p class='ocr_par' dir='ltr' id='par_1_3' title="bbox 324 660 1838 2289">
     <span class='ocr_line' id='line_1_7' title="bbox 384 660 1818 724; baseline 0.004 -23"><span class='ocrx_word' id='word_1_44' title='bbox 384 663 490 714; x_wconf 84' lang='lat' dir='ltr'>[XLI]</span> <span class='ocrx_word' id='word_1_45' title='bbox 529 660 663 702; x_wconf 92' lang='lat' dir='ltr'>Modo</span> <span class='ocrx_word' id='word_1_46' title='bbox 702 677 790 702; x_wconf 91' lang='lat' dir='ltr'>non</span> <span class='ocrx_word' id='word_1_47' title='bbox 830 669 896 703; x_wconf 90' lang='lat' dir='ltr'>est</span> <span class='ocrx_word' id='word_1_48' title='bbox 934 662 1065 704; x_wconf 92' lang='lat' dir='ltr'>homo</span> <span class='ocrx_word' id='word_1_49' title='bbox 1112 679 1215 705; x_wconf 91' lang='lat' dir='ltr'>sane</span> <span class='ocrx_word' id='word_1_50' title='bbox 1254 663 1429 713; x_wconf 90' lang='lat' dir='ltr'>mentis,</span> <span class='ocrx_word' id='word_1_51' title='bbox 1472 672 1519 706; x_wconf 92' lang='lat' dir='ltr'>ut</span> <span class='ocrx_word' id='word_1_52' title='bbox 1556 665 1705 715; x_wconf 89' lang='lat' dir='ltr'>credo,</span> <span class='ocrx_word' id='word_1_53' title='bbox 1742 666 1818 724; x_wconf 89' lang='lat' dir='ltr'>qui</span> 
     </span>
     <span class='ocr_line' id='line_1_8' title="bbox 325 732 1838 795; baseline 0.005 -23"><span class='ocrx_word' id='word_1_54' title='bbox 325 732 528 773; x_wconf 91' lang='lat' dir='ltr'>estimare</span> <span class='ocrx_word' id='word_1_55' title='bbox 543 732 843 774; x_wconf 89' lang='lat' dir='ltr'>verisimiliter</span> <span class='ocrx_word' id='word_1_56' title='bbox 863 742 1014 790; x_wconf 89' lang='lat' dir='ltr'>posset</span> <span class='ocrx_word' id='word_1_57' title='bbox 1035 734 1080 776; x_wconf 90' lang='lat' dir='ltr'>in</span> <span class='ocrx_word' id='word_1_58' title='bbox 1102 734 1186 776; x_wconf 88' lang='lat' dir='ltr'>hoc</span> <span class='ocrx_word' id='word_1_59' title='bbox 1202 734 1287 776; x_wconf 86' lang='lat' dir='ltr'>fine</span> <span class='ocrx_word' id='word_1_60' title='bbox 1308 736 1556 777; x_wconf 88' lang='lat' dir='ltr'>seculorum</span> <span class='ocrx_word' id='word_1_61' title='bbox 1578 735 1673 778; x_wconf 88' lang='lat' dir='ltr'>fieri</span> <span class='ocrx_word' id='word_1_62' title='bbox 1687 752 1817 795; x_wconf 90' lang='lat' dir='ltr'>posse</span> <span class='ocrx_word' id='word_1_63' title='bbox 1835 780 1838 785; x_wconf 76' lang='grc'><strong>,</strong></span> 
     </span>
     <span class='ocr_line' id='line_1_9' title="bbox 326 802 1817 863; baseline 0.004 -19"><span class='ocrx_word' id='word_1_64' title='bbox 326 802 446 860; x_wconf 93' lang='lat' dir='ltr'>quod</span> <span class='ocrx_word' id='word_1_65' title='bbox 472 811 589 844; x_wconf 86' lang='lat' dir='ltr'>esset</span> <span class='ocrx_word' id='word_1_66' title='bbox 614 804 749 845; x_wconf 90' lang='lat' dir='ltr'>totius</span> <span class='ocrx_word' id='word_1_67' title='bbox 771 804 938 854; x_wconf 89' lang='lat' dir='ltr'>mondi,</span> <span class='ocrx_word' id='word_1_68' title='bbox 964 805 1108 862; x_wconf 89' lang='lat' dir='ltr'>quoad</span> <span class='ocrx_word' id='word_1_69' title='bbox 1139 807 1413 863; x_wconf 87' lang='lat' dir='ltr'>temporalia,</span> <span class='ocrx_word' id='word_1_70' title='bbox 1438 807 1557 849; x_wconf 89' lang='lat' dir='ltr'>solus</span> <span class='ocrx_word' id='word_1_71' title='bbox 1589 823 1703 850; x_wconf 92' lang='lat' dir='ltr'>unus</span> <span class='ocrx_word' id='word_1_72' title='bbox 1725 824 1817 850; x_wconf 93' lang='lat' dir='ltr'>mo-</span> 
     </span>
     <span class='ocr_line' id='line_1_10' title="bbox 326 874 1817 936; baseline 0.003 -21"><span class='ocrx_word' id='word_1_73' title='bbox 326 874 489 916; x_wconf 88' lang='lat' dir='ltr'>narcha</span> <span class='ocrx_word' id='word_1_74' title='bbox 524 874 600 932; x_wconf 91' lang='lat' dir='ltr'>qui</span> <span class='ocrx_word' id='word_1_75' title='bbox 658 875 804 917; x_wconf 90' lang='lat' dir='ltr'>omnia</span> <span class='ocrx_word' id='word_1_76' title='bbox 833 884 1022 934; x_wconf 78' lang='lat' dir='ltr'>regeret,</span> <span class='ocrx_word' id='word_1_77' title='bbox 1064 877 1134 918; x_wconf 90' lang='lat' dir='ltr'>cui</span> <span class='ocrx_word' id='word_1_78' title='bbox 1166 884 1373 935; x_wconf 86' lang='lat' dir='ltr'>tanquam</span> <span class='ocrx_word' id='word_1_79' title='bbox 1411 879 1629 936; x_wconf 84' lang='lat' dir='ltr'>superiori</span> <span class='ocrx_word' id='word_1_80' title='bbox 1666 895 1817 920; x_wconf 90' lang='lat' dir='ltr'>omnes</span> 
     </span>
     <span class='ocr_line' id='line_1_11' title="bbox 325 945 1817 1007; baseline 0.004 -21"><span class='ocrx_word' id='word_1_81' title='bbox 325 945 558 987; x_wconf 87' lang='lat' dir='ltr'>obedirent</span> <span class='ocrx_word' id='word_1_82' title='bbox 580 964 588 997; x_wconf 91' lang='lat'>;</span> <span class='ocrx_word' id='word_1_83' title='bbox 614 946 715 1003; x_wconf 87' lang='lat' dir='ltr'>quia</span> <span class='ocrx_word' id='word_1_84' title='bbox 737 947 773 987; x_wconf 91' lang='lat' dir='ltr'>si</span> <span class='ocrx_word' id='word_1_85' title='bbox 789 946 842 988; x_wconf 88' lang='lat' dir='ltr'>ad</span> <span class='ocrx_word' id='word_1_86' title='bbox 863 947 947 988; x_wconf 93' lang='lat' dir='ltr'>hoc</span> <span class='ocrx_word' id='word_1_87' title='bbox 973 947 1247 998; x_wconf 87' lang='lat' dir='ltr'>tenderetur,</span> <span class='ocrx_word' id='word_1_88' title='bbox 1273 957 1421 990; x_wconf 87' lang='lat' dir='ltr'>essent</span> <span class='ocrx_word' id='word_1_89' title='bbox 1436 966 1610 1007; x_wconf 84' lang='lat' dir='ltr'>guerre,</span> <span class='ocrx_word' id='word_1_90' title='bbox 1636 950 1817 992; x_wconf 90' lang='lat' dir='ltr'>seditio-</span> 
     </span>
     <span class='ocr_line' id='line_1_12' title="bbox 325 1016 1817 1078; baseline 0.005 -21"><span class='ocrx_word' id='word_1_91' title='bbox 325 1032 404 1058; x_wconf 92' lang='lat' dir='ltr'>nes</span> <span class='ocrx_word' id='word_1_92' title='bbox 431 1025 474 1058; x_wconf 88' lang='lat' dir='ltr'>et</span> <span class='ocrx_word' id='word_1_93' title='bbox 496 1016 796 1059; x_wconf 87' lang='lat' dir='ltr'>dissensiones</span> <span class='ocrx_word' id='word_1_94' title='bbox 817 1017 990 1060; x_wconf 89' lang='lat' dir='ltr'>infinite</span> <span class='ocrx_word' id='word_1_95' title='bbox 1011 1036 1020 1070; x_wconf 89' lang='grc'>;</span> <span class='ocrx_word' id='word_1_96' title='bbox 1050 1035 1131 1060; x_wconf 91' lang='lat' dir='ltr'>nec</span> <span class='ocrx_word' id='word_1_97' title='bbox 1159 1028 1275 1061; x_wconf 90' lang='lat' dir='ltr'>esset</span> <span class='ocrx_word' id='word_1_98' title='bbox 1296 1021 1372 1078; x_wconf 90' lang='lat' dir='ltr'>qui</span> <span class='ocrx_word' id='word_1_99' title='bbox 1392 1030 1543 1078; x_wconf 90' lang='lat' dir='ltr'>posset</span> <span class='ocrx_word' id='word_1_100' title='bbox 1563 1038 1635 1063; x_wconf 92' lang='lat' dir='ltr'>eas</span> <span class='ocrx_word' id='word_1_101' title='bbox 1664 1022 1817 1064; x_wconf 89' lang='lat' dir='ltr'>sedare</span> 
     </span>
     <span class='ocr_line' id='line_1_13' title="bbox 325 1088 1834 1147; baseline 0.005 -19"><span class='ocrx_word' id='word_1_102' title='bbox 325 1096 508 1145; x_wconf 88' lang='lat' dir='ltr'>propter</span> <span class='ocrx_word' id='word_1_103' title='bbox 535 1088 861 1130; x_wconf 90' lang='lat' dir='ltr'>multitudinem</span> <span class='ocrx_word' id='word_1_104' title='bbox 888 1089 1168 1147; x_wconf 86' lang='lat' dir='ltr'>populorum,</span> <span class='ocrx_word' id='word_1_105' title='bbox 1207 1092 1494 1134; x_wconf 86' lang='lat' dir='ltr'>remotionem</span> <span class='ocrx_word' id='word_1_106' title='bbox 1525 1101 1568 1134; x_wconf 90' lang='lat' dir='ltr'>et</span> <span class='ocrx_word' id='word_1_107' title='bbox 1595 1093 1834 1142; x_wconf 43' lang='lat' dir='ltr'>diversitas</span> 
     </span>
     <span class='ocr_line' id='line_1_14' title="bbox 324 1159 1818 1210; baseline 0.005 -10"><span class='ocrx_word' id='word_1_108' title='bbox 324 1166 412 1200; x_wconf 90' lang='lat' dir='ltr'>tem</span> <span class='ocrx_word' id='word_1_109' title='bbox 435 1159 648 1210; x_wconf 88' lang='lat' dir='ltr'>locorum,</span> <span class='ocrx_word' id='word_1_110' title='bbox 673 1160 916 1202; x_wconf 84' lang='lat' dir='ltr'>naturalem</span> <span class='ocrx_word' id='word_1_111' title='bbox 942 1161 1272 1204; x_wconf 87' lang='lat' dir='ltr'>inclinationem</span> <span class='ocrx_word' id='word_1_112' title='bbox 1306 1163 1530 1205; x_wconf 91' lang='lat' dir='ltr'>hominum</span> <span class='ocrx_word' id='word_1_113' title='bbox 1560 1164 1613 1206; x_wconf 90' lang='lat' dir='ltr'>ad</span> <span class='ocrx_word' id='word_1_114' title='bbox 1646 1164 1818 1206; x_wconf 88' lang='lat' dir='ltr'>dissen-</span> 
     </span>
     <span class='ocr_line' id='line_1_15' title="bbox 326 1230 1818 1291; baseline 0.005 -20"><span class='ocrx_word' id='word_1_115' title='bbox 326 1230 559 1282; x_wconf 91' lang='lat' dir='ltr'>ciendum;</span> <span class='ocrx_word' id='word_1_116' title='bbox 590 1231 694 1273; x_wconf 88' lang='lat' dir='ltr'>licet</span> <span class='ocrx_word' id='word_1_117' title='bbox 732 1232 869 1290; x_wconf 87' lang='lat' dir='ltr'>aliqui</span> <span class='ocrx_word' id='word_1_118' title='bbox 899 1232 1139 1291; x_wconf 82' lang='lat' dir='ltr'>vulgariter</span> <span class='ocrx_word' id='word_1_119' title='bbox 1165 1235 1305 1275; x_wconf 91' lang='lat' dir='ltr'>vocati</span> <span class='ocrx_word' id='word_1_120' title='bbox 1339 1234 1516 1277; x_wconf 87' lang='lat' dir='ltr'>fuerunt</span> <span class='ocrx_word' id='word_1_121' title='bbox 1549 1235 1699 1277; x_wconf 89' lang='lat' dir='ltr'>mondi</span> <span class='ocrx_word' id='word_1_122' title='bbox 1726 1252 1818 1277; x_wconf 93' lang='lat' dir='ltr'>mo-</span> 
     </span>
     <span class='ocr_line' id='line_1_16' title="bbox 326 1291 1819 1362; baseline 0.004 -19"><span class='ocrx_word' id='word_1_123' title='bbox 326 1302 504 1352; x_wconf 84' lang='lat' dir='ltr'>narche,</span> <span class='ocrx_word' id='word_1_124' title='bbox 534 1291 680 1344; x_wconf 86' lang='lat' dir='ltr'>tamen</span> <span class='ocrx_word' id='word_1_125' title='bbox 724 1311 957 1361; x_wconf 86' lang='lat' dir='ltr'>postquam</span> <span class='ocrx_word' id='word_1_126' title='bbox 1001 1304 1206 1362; x_wconf 80' lang='lat' dir='ltr'>regiones</span> <span class='ocrx_word' id='word_1_127' title='bbox 1252 1305 1430 1347; x_wconf 88' lang='lat' dir='ltr'>fuerunt</span> <span class='ocrx_word' id='word_1_128' title='bbox 1468 1306 1522 1348; x_wconf 91' lang='lat' dir='ltr'>de</span> <span class='ocrx_word' id='word_1_129' title='bbox 1566 1307 1819 1349; x_wconf 86' lang='lat' dir='ltr'>hominibus</span> 
     </span>
     <span class='ocr_line' id='line_1_17' title="bbox 331 1373 1815 1433; baseline 0.004 -19"><span class='ocrx_word' id='word_1_130' title='bbox 331 1373 555 1431; x_wconf 85' lang='lat' dir='ltr'>populate,</span> <span class='ocrx_word' id='word_1_131' title='bbox 582 1390 669 1415; x_wconf 92' lang='lat' dir='ltr'>non</span> <span class='ocrx_word' id='word_1_132' title='bbox 696 1374 828 1416; x_wconf 91' lang='lat' dir='ltr'>credo</span> <span class='ocrx_word' id='word_1_133' title='bbox 857 1391 1120 1433; x_wconf 89' lang='lat' dir='ltr'>quemquam</span> <span class='ocrx_word' id='word_1_134' title='bbox 1142 1375 1276 1418; x_wconf 89' lang='lat' dir='ltr'>fuisse</span> <span class='ocrx_word' id='word_1_135' title='bbox 1299 1377 1368 1418; x_wconf 93' lang='lat' dir='ltr'>cui</span> <span class='ocrx_word' id='word_1_136' title='bbox 1396 1394 1546 1419; x_wconf 88' lang='lat' dir='ltr'>omnes</span> <span class='ocrx_word' id='word_1_137' title='bbox 1568 1378 1815 1421; x_wconf 87' lang='lat' dir='ltr'>obedirent.</span> 
     </span>
     <span class='ocr_line' id='line_1_18' title="bbox 330 1444 1819 1503; baseline 0.003 -16"><span class='ocrx_word' id='word_1_138' title='bbox 330 1445 430 1487; x_wconf 89' lang='lat' dir='ltr'>Non</span> <span class='ocrx_word' id='word_1_139' title='bbox 452 1444 629 1503; x_wconf 84' lang='lat' dir='ltr'>legitur,</span> <span class='ocrx_word' id='word_1_140' title='bbox 654 1453 702 1487; x_wconf 86' lang='lat' dir='ltr'>ut</span> <span class='ocrx_word' id='word_1_141' title='bbox 723 1445 871 1496; x_wconf 90' lang='lat' dir='ltr'>credo,</span> <span class='ocrx_word' id='word_1_142' title='bbox 891 1447 1187 1488; x_wconf 89' lang='lat' dir='ltr'>occidentales</span> <span class='ocrx_word' id='word_1_143' title='bbox 1211 1448 1319 1490; x_wconf 90' lang='lat' dir='ltr'>citra</span> <span class='ocrx_word' id='word_1_144' title='bbox 1341 1449 1542 1491; x_wconf 87' lang='lat' dir='ltr'>Greciam</span> <span class='ocrx_word' id='word_1_145' title='bbox 1570 1450 1819 1491; x_wconf 90' lang='lat' dir='ltr'>habitantes</span> 
     </span>
     <span class='ocr_line' id='line_1_19' title="bbox 327 1515 1818 1579; baseline 0.005 -23"><span class='ocrx_word' id='word_1_146' title='bbox 327 1515 456 1557; x_wconf 90' lang='lat' dir='ltr'>etiam</span> <span class='ocrx_word' id='word_1_147' title='bbox 485 1517 581 1574; x_wconf 82' lang='lat' dir='ltr'>regi</span> <span class='ocrx_word' id='word_1_148' title='bbox 606 1516 856 1559; x_wconf 85' lang='lat' dir='ltr'>Alexandro</span> <span class='ocrx_word' id='word_1_149' title='bbox 888 1518 1112 1575; x_wconf 86' lang='lat' dir='ltr'>subjectos</span> <span class='ocrx_word' id='word_1_150' title='bbox 1141 1518 1275 1561; x_wconf 87' lang='lat' dir='ltr'>fuisse</span> <span class='ocrx_word' id='word_1_151' title='bbox 1303 1536 1383 1561; x_wconf 91' lang='lat' dir='ltr'>nec</span> <span class='ocrx_word' id='word_1_152' title='bbox 1411 1522 1504 1578; x_wconf 91' lang='lat' dir='ltr'>ejus</span> <span class='ocrx_word' id='word_1_153' title='bbox 1532 1521 1717 1579; x_wconf 90' lang='lat' dir='ltr'>imperio</span> <span class='ocrx_word' id='word_1_154' title='bbox 1742 1537 1818 1579; x_wconf 88' lang='lat' dir='ltr'>pa-</span> 
     </span>
     <span class='ocr_line' id='line_1_20' title="bbox 327 1586 1820 1650; baseline 0.004 -22"><span class='ocrx_word' id='word_1_155' title='bbox 327 1586 504 1630; x_wconf 75' lang='lat' dir='ltr'>ruisse1.</span> <span class='ocrx_word' id='word_1_156' title='bbox 539 1588 627 1630; x_wconf 90' lang='lat' dir='ltr'>Sed</span> <span class='ocrx_word' id='word_1_157' title='bbox 663 1588 900 1630; x_wconf 84' lang='lat' dir='ltr'>verisimile</span> <span class='ocrx_word' id='word_1_158' title='bbox 941 1597 1007 1630; x_wconf 91' lang='lat' dir='ltr'>est</span> <span class='ocrx_word' id='word_1_159' title='bbox 1046 1590 1164 1647; x_wconf 91' lang='lat' dir='ltr'>quod</span> <span class='ocrx_word' id='word_1_160' title='bbox 1197 1591 1241 1632; x_wconf 89' lang='lat' dir='ltr'>in</span> <span class='ocrx_word' id='word_1_161' title='bbox 1272 1591 1576 1648; x_wconf 85' lang='lat' dir='ltr'>spiritualibus</span> <span class='ocrx_word' id='word_1_162' title='bbox 1604 1592 1745 1650; x_wconf 87' lang='lat' dir='ltr'>possit</span> <span class='ocrx_word' id='word_1_163' title='bbox 1777 1600 1820 1634; x_wconf 85' lang='lat' dir='ltr'>et</span> 
     </span>
     <span class='ocr_line' id='line_1_21' title="bbox 328 1655 1819 1721; baseline 0.003 -21"><span class='ocrx_word' id='word_1_164' title='bbox 328 1659 486 1701; x_wconf 89' lang='lat' dir='ltr'>debeat</span> <span class='ocrx_word' id='word_1_165' title='bbox 504 1675 600 1701; x_wconf 90' lang='lat' dir='ltr'>esse</span> <span class='ocrx_word' id='word_1_166' title='bbox 621 1655 829 1717; x_wconf 84' lang='lat' dir='ltr'>princeps</span> <span class='ocrx_word' id='word_1_167' title='bbox 866 1661 1022 1702; x_wconf 89' lang='lat' dir='ltr'>unicus</span> <span class='ocrx_word' id='word_1_168' title='bbox 1045 1670 1087 1703; x_wconf 85' lang='lat' dir='ltr'>et</span> <span class='ocrx_word' id='word_1_169' title='bbox 1122 1662 1374 1712; x_wconf 85' lang='lat' dir='ltr'>monarcha,</span> <span class='ocrx_word' id='word_1_170' title='bbox 1416 1663 1491 1721; x_wconf 90' lang='lat' dir='ltr'>qui</span> <span class='ocrx_word' id='word_1_171' title='bbox 1530 1663 1819 1721; x_wconf 85' lang='lat' dir='ltr'>spiritualiter</span> 
     </span>
     <span class='ocr_line' id='line_1_22' title="bbox 327 1730 1818 1790; baseline 0.003 -19"><span class='ocrx_word' id='word_1_172' title='bbox 327 1731 546 1788; x_wconf 88' lang='lat' dir='ltr'>percutiat</span> <span class='ocrx_word' id='word_1_173' title='bbox 564 1739 607 1772; x_wconf 91' lang='lat' dir='ltr'>et</span> <span class='ocrx_word' id='word_1_174' title='bbox 633 1730 869 1790; x_wconf 84' lang='lat' dir='ltr'>distringat</span> <span class='ocrx_word' id='word_1_175' title='bbox 889 1748 1029 1790; x_wconf 87' lang='lat' dir='ltr'>usque</span> <span class='ocrx_word' id='word_1_176' title='bbox 1050 1732 1104 1774; x_wconf 91' lang='lat' dir='ltr'>ad</span> <span class='ocrx_word' id='word_1_177' title='bbox 1132 1733 1362 1782; x_wconf 89' lang='lat' dir='ltr'>orientem,</span> <span class='ocrx_word' id='word_1_178' title='bbox 1397 1734 1688 1784; x_wconf 89' lang='lat' dir='ltr'>occidentem,</span> <span class='ocrx_word' id='word_1_179' title='bbox 1720 1750 1818 1776; x_wconf 88' lang='lat' dir='ltr'>aus-</span> 
     </span>
     <span class='ocr_line' id='line_1_23' title="bbox 326 1802 1812 1864; baseline 0.003 -21"><span class='ocrx_word' id='word_1_180' title='bbox 326 1810 442 1843; x_wconf 87' lang='lat' dir='ltr'>trum</span> <span class='ocrx_word' id='word_1_181' title='bbox 464 1810 506 1844; x_wconf 89' lang='lat' dir='ltr'>et</span> <span class='ocrx_word' id='word_1_182' title='bbox 536 1802 911 1860; x_wconf 86' lang='lat' dir='ltr'>septentrionem;</span> <span class='ocrx_word' id='word_1_183' title='bbox 951 1804 1071 1861; x_wconf 93' lang='lat' dir='ltr'>quod</span> <span class='ocrx_word' id='word_1_184' title='bbox 1098 1820 1187 1846; x_wconf 91' lang='lat' dir='ltr'>non</span> <span class='ocrx_word' id='word_1_185' title='bbox 1217 1804 1345 1846; x_wconf 91' lang='lat' dir='ltr'>video</span> <span class='ocrx_word' id='word_1_186' title='bbox 1371 1821 1500 1862; x_wconf 90' lang='lat' dir='ltr'>posse</span> <span class='ocrx_word' id='word_1_187' title='bbox 1534 1806 1812 1864; x_wconf 86' lang='lat' dir='ltr'>contingere,</span> 
     </span>
     <span class='ocr_line' id='line_1_24' title="bbox 327 1873 1819 1935; baseline 0.003 -21"><span class='ocrx_word' id='word_1_188' title='bbox 327 1873 413 1915; x_wconf 91' lang='lat' dir='ltr'>nisi</span> <span class='ocrx_word' id='word_1_189' title='bbox 445 1873 555 1915; x_wconf 89' lang='lat' dir='ltr'>facta</span> <span class='ocrx_word' id='word_1_190' title='bbox 594 1874 845 1932; x_wconf 89' lang='lat' dir='ltr'>provisione</span> <span class='ocrx_word' id='word_1_191' title='bbox 879 1875 1073 1917; x_wconf 89' lang='lat' dir='ltr'>notionis</span> <span class='ocrx_word' id='word_1_192' title='bbox 1110 1875 1374 1934; x_wconf 85' lang='lat' dir='ltr'>linguarum,</span> <span class='ocrx_word' id='word_1_193' title='bbox 1406 1876 1535 1918; x_wconf 92' lang='lat' dir='ltr'>modo</span> <span class='ocrx_word' id='word_1_194' title='bbox 1569 1878 1819 1935; x_wconf 89' lang='lat' dir='ltr'>prescripto</span> 
     </span>
     <span class='ocr_line' id='line_1_25' title="bbox 328 1945 1819 2005; baseline 0.002 -19"><span class='ocrx_word' id='word_1_195' title='bbox 328 1961 404 1986; x_wconf 89' lang='lat' dir='ltr'>seu</span> <span class='ocrx_word' id='word_1_196' title='bbox 434 1945 620 1986; x_wconf 90' lang='lat' dir='ltr'>meliori.</span> <span class='ocrx_word' id='word_1_197' title='bbox 654 1946 762 1988; x_wconf 85' lang='lat' dir='ltr'>Nam</span> <span class='ocrx_word' id='word_1_198' title='bbox 796 1954 838 1987; x_wconf 88' lang='lat' dir='ltr'>et</span> <span class='ocrx_word' id='word_1_199' title='bbox 871 1946 966 2003; x_wconf 90' lang='lat' dir='ltr'>ipse</span> <span class='ocrx_word' id='word_1_200' title='bbox 999 1947 1230 1996; x_wconf 90' lang='lat' dir='ltr'>Dominus,</span> <span class='ocrx_word' id='word_1_201' title='bbox 1261 1947 1336 2005; x_wconf 91' lang='lat' dir='ltr'>qui</span> <span class='ocrx_word' id='word_1_202' title='bbox 1363 1948 1508 1989; x_wconf 88' lang='lat' dir='ltr'>omnia</span> <span class='ocrx_word' id='word_1_203' title='bbox 1548 1948 1667 1990; x_wconf 89' lang='lat' dir='ltr'>novit</span> <span class='ocrx_word' id='word_1_204' title='bbox 1700 1956 1743 1990; x_wconf 88' lang='lat' dir='ltr'>et</span> <span class='ocrx_word' id='word_1_205' title='bbox 1775 1948 1819 1989; x_wconf 88' lang='lat' dir='ltr'>in</span> 
     </span>
     <span class='ocr_line' id='line_1_26' title="bbox 328 2015 1819 2075; baseline 0.003 -18"><span class='ocrx_word' id='word_1_206' title='bbox 328 2015 480 2075; x_wconf 86' lang='lat' dir='ltr'>figuris</span> <span class='ocrx_word' id='word_1_207' title='bbox 523 2024 566 2057; x_wconf 91' lang='lat' dir='ltr'>et</span> <span class='ocrx_word' id='word_1_208' title='bbox 595 2016 817 2074; x_wconf 86' lang='lat' dir='ltr'>parabolis</span> <span class='ocrx_word' id='word_1_209' title='bbox 862 2032 911 2059; x_wconf 88' lang='lat' dir='ltr'>ac</span> <span class='ocrx_word' id='word_1_210' title='bbox 951 2018 1316 2060; x_wconf 89' lang='lat' dir='ltr'>similitudinibus</span> <span class='ocrx_word' id='word_1_211' title='bbox 1353 2019 1448 2060; x_wconf 93' lang='lat' dir='ltr'>aliis</span> <span class='ocrx_word' id='word_1_212' title='bbox 1486 2019 1651 2069; x_wconf 87' lang='lat' dir='ltr'>docuit,</span> <span class='ocrx_word' id='word_1_213' title='bbox 1691 2019 1819 2061; x_wconf 83' lang='lat' dir='ltr'>nobis</span> 
     </span>
     <span class='ocr_line' id='line_1_27' title="bbox 328 2087 1820 2150; baseline 0.003 -22"><span class='ocrx_word' id='word_1_214' title='bbox 328 2087 585 2146; x_wconf 89' lang='lat' dir='ltr'>relinquens</span> <span class='ocrx_word' id='word_1_215' title='bbox 625 2088 886 2146; x_wconf 85' lang='lat' dir='ltr'>exemplum,</span> <span class='ocrx_word' id='word_1_216' title='bbox 917 2089 1127 2146; x_wconf 89' lang='lat' dir='ltr'>apostolis</span> <span class='ocrx_word' id='word_1_217' title='bbox 1165 2090 1254 2131; x_wconf 92' lang='lat' dir='ltr'>suis</span> <span class='ocrx_word' id='word_1_218' title='bbox 1284 2098 1327 2132; x_wconf 90' lang='lat' dir='ltr'>et</span> <span class='ocrx_word' id='word_1_219' title='bbox 1350 2090 1579 2148; x_wconf 89' lang='lat' dir='ltr'>discipulis</span> <span class='ocrx_word' id='word_1_220' title='bbox 1606 2107 1820 2150; x_wconf 87' lang='lat' dir='ltr'>euvange-</span> 
     </span>
     <span class='ocr_line' id='line_1_28' title="bbox 328 2158 1820 2219; baseline 0.003 -19"><span class='ocrx_word' id='word_1_221' title='bbox 328 2158 434 2200; x_wconf 91' lang='lat' dir='ltr'>lium</span> <span class='ocrx_word' id='word_1_222' title='bbox 461 2159 665 2200; x_wconf 87' lang='lat' dir='ltr'>omnibus</span> <span class='ocrx_word' id='word_1_223' title='bbox 697 2159 874 2218; x_wconf 92' lang='lat' dir='ltr'>populis</span> <span class='ocrx_word' id='word_1_224' title='bbox 914 2160 1206 2219; x_wconf 87' lang='lat' dir='ltr'>predicaturis</span> <span class='ocrx_word' id='word_1_225' title='bbox 1237 2161 1443 2203; x_wconf 88' lang='lat' dir='ltr'>noticiam</span> <span class='ocrx_word' id='word_1_226' title='bbox 1478 2161 1600 2204; x_wconf 88' lang='lat' dir='ltr'>dedit</span> <span class='ocrx_word' id='word_1_227' title='bbox 1627 2163 1820 2204; x_wconf 92' lang='lat' dir='ltr'>omnium</span> 
     </span>
     <span class='ocr_line' id='line_1_29' title="bbox 329 2230 1821 2289; baseline 0.003 -18"><span class='ocrx_word' id='word_1_228' title='bbox 329 2230 579 2289; x_wconf 86' lang='lat' dir='ltr'>linguarum</span> <span class='ocrx_word' id='word_1_229' title='bbox 615 2238 658 2272; x_wconf 90' lang='lat' dir='ltr'>et</span> <span class='ocrx_word' id='word_1_230' title='bbox 691 2231 906 2288; x_wconf 88' lang='lat' dir='ltr'>sapientie</span> <span class='ocrx_word' id='word_1_231' title='bbox 933 2231 1211 2289; x_wconf 88' lang='lat' dir='ltr'>predicandi,</span> <span class='ocrx_word' id='word_1_232' title='bbox 1244 2232 1439 2275; x_wconf 79' lang='lat' dir='ltr'>dicens²:</span> <span class='ocrx_word' id='word_1_233' title='bbox 1479 2234 1582 2275; x_wconf 76' lang='lat' dir='ltr'>Cum</span> <span class='ocrx_word' id='word_1_234' title='bbox 1621 2237 1821 2277; x_wconf 74' lang='lat' dir='ltr'>veneritis</span> 
     </span>
    </p>
   </div>
   <div class='ocr_carea' id='block_1_3' title="bbox 376 2432 1880 2482">
    <p class='ocr_par' dir='ltr' id='par_1_4' title="bbox 376 2432 1880 2482">
     <span class='ocr_line' id='line_1_30' title="bbox 376 2432 1880 2482; baseline 0.003 -16"><span class='ocrx_word' id='word_1_235' title='bbox 376 2434 408 2468; x_wconf 90' lang='lat'>1.</span> <span class='ocrx_word' id='word_1_236' title='bbox 439 2433 495 2466; x_wconf 88' lang='lat' dir='ltr'>Cf.</span> <span class='ocrx_word' id='word_1_237' title='bbox 517 2434 549 2467; x_wconf 87' lang='lat' dir='ltr'>la</span> <span class='ocrx_word' id='word_1_238' title='bbox 572 2432 800 2468; x_wconf 79' lang='lat' dir='ltr'>Deliberatio</span> <span class='ocrx_word' id='word_1_239' title='bbox 823 2434 954 2468; x_wconf 75' lang='lat' dir='ltr'>dediee</span> <span class='ocrx_word' id='word_1_240' title='bbox 977 2446 1044 2480; x_wconf 86' lang='lat' dir='ltr'>par</span> <span class='ocrx_word' id='word_1_241' title='bbox 1065 2434 1212 2469; x_wconf 88' lang='lat' dir='ltr'>Dubois</span> <span class='ocrx_word' id='word_1_242' title='bbox 1241 2436 1258 2468; x_wconf 74' lang='lat' dir='ltr'>a</span> <span class='ocrx_word' id='word_1_243' title='bbox 1288 2436 1463 2482; x_wconf 72' lang='lat' dir='ltr'>Philippo</span> <span class='ocrx_word' id='word_1_244' title='bbox 1495 2437 1528 2470; x_wconf 88' lang='lat' dir='ltr'>le</span> <span class='ocrx_word' id='word_1_245' title='bbox 1556 2436 1648 2470; x_wconf 84' lang='lat' dir='ltr'>Bel:</span> <span class='ocrx_word' id='word_1_246' title='bbox 1681 2450 1699 2470; x_wconf 77' lang='lat' dir='ltr'>(t</span> <span class='ocrx_word' id='word_1_247' title='bbox 1715 2437 1820 2471; x_wconf 82' lang='lat' dir='ltr'>Licet</span> <span class='ocrx_word' id='word_1_248' title='bbox 1875 2441 1880 2446; x_wconf 83' lang='lat'>&#39;</span> 
     </span>
    </p>
   </div>
   <div class='ocr_carea' id='block_1_4' title="bbox 328 2480 1820 2855">
    <p class='ocr_par' dir='ltr' id='par_1_5' title="bbox 328 2480 1820 2855">
     <span class='ocr_line' id='line_1_31' title="bbox 328 2480 1819 2527; baseline 0.003 -14"><span class='ocrx_word' id='word_1_249' title='bbox 328 2480 490 2519; x_wconf 80' lang='lat' dir='ltr'>cronice,</span> <span class='ocrx_word' id='word_1_250' title='bbox 515 2481 701 2525; x_wconf 84' lang='lat' dir='ltr'>scripture</span> <span class='ocrx_word' id='word_1_251' title='bbox 723 2481 852 2514; x_wconf 87' lang='lat' dir='ltr'>dicunt</span> <span class='ocrx_word' id='word_1_252' title='bbox 874 2482 995 2527; x_wconf 90' lang='lat' dir='ltr'>primo</span> <span class='ocrx_word' id='word_1_253' title='bbox 1011 2482 1140 2521; x_wconf 81' lang='lat' dir='ltr'>Indos,</span> <span class='ocrx_word' id='word_1_254' title='bbox 1161 2484 1326 2516; x_wconf 85' lang='lat' dir='ltr'>secundo</span> <span class='ocrx_word' id='word_1_255' title='bbox 1342 2483 1526 2521; x_wconf 61' lang='lat' dir='ltr'>Assiriosv</span> <span class='ocrx_word' id='word_1_256' title='bbox 1542 2484 1658 2517; x_wconf 77' lang='lat' dir='ltr'>tercio</span> <span class='ocrx_word' id='word_1_257' title='bbox 1675 2484 1819 2518; x_wconf 80' lang='lat' dir='ltr'>Grecos</span> 
     </span>
     <span class='ocr_line' id='line_1_32' title="bbox 328 2528 1820 2576; baseline 0.003 -16"><span class='ocrx_word' id='word_1_258' title='bbox 328 2533 364 2561; x_wconf 87' lang='lat' dir='ltr'>et</span> <span class='ocrx_word' id='word_1_259' title='bbox 382 2534 515 2574; x_wconf 89' lang='lat' dir='ltr'>quarto</span> <span class='ocrx_word' id='word_1_260' title='bbox 540 2528 728 2561; x_wconf 83' lang='lat' dir='ltr'>Romanos</span> <span class='ocrx_word' id='word_1_261' title='bbox 747 2529 876 2562; x_wconf 87' lang='lat' dir='ltr'>muudi</span> <span class='ocrx_word' id='word_1_262' title='bbox 895 2530 1150 2563; x_wconf 83' lang='lat' dir='ltr'>monarchiam</span> <span class='ocrx_word' id='word_1_263' title='bbox 1173 2531 1354 2569; x_wconf 79' lang='lat' dir='ltr'>tenuisse,</span> <span class='ocrx_word' id='word_1_264' title='bbox 1374 2531 1590 2576; x_wconf 85' lang='lat' dir='ltr'>intelligunt</span> <span class='ocrx_word' id='word_1_265' title='bbox 1617 2532 1661 2564; x_wconf 85' lang='lat' dir='ltr'>de</span> <span class='ocrx_word' id='word_1_266' title='bbox 1686 2532 1820 2576; x_wconf 86' lang='lat' dir='ltr'>majori</span> 
     </span>
     <span class='ocr_line' id='line_1_33' title="bbox 328 2576 1818 2623; baseline 0.003 -15"><span class='ocrx_word' id='word_1_267' title='bbox 328 2581 434 2620; x_wconf 84' lang='lat' dir='ltr'>parte</span> <span class='ocrx_word' id='word_1_268' title='bbox 468 2576 609 2614; x_wconf 88' lang='lat' dir='ltr'>mundi,</span> <span class='ocrx_word' id='word_1_269' title='bbox 641 2589 715 2609; x_wconf 87' lang='lat' dir='ltr'>nou</span> <span class='ocrx_word' id='word_1_270' title='bbox 745 2577 790 2610; x_wconf 91' lang='lat' dir='ltr'>de</span> <span class='ocrx_word' id='word_1_271' title='bbox 817 2581 910 2614; x_wconf 76' lang='lat' dir='ltr'>toto,</span> <span class='ocrx_word' id='word_1_272' title='bbox 948 2578 1033 2623; x_wconf 84' lang='lat' dir='ltr'>quia</span> <span class='ocrx_word' id='word_1_273' title='bbox 1067 2589 1246 2623; x_wconf 82' lang='lat' dir='ltr'>expresse</span> <span class='ocrx_word' id='word_1_274' title='bbox 1281 2579 1410 2612; x_wconf 88' lang='lat' dir='ltr'>dicunt</span> <span class='ocrx_word' id='word_1_275' title='bbox 1438 2578 1692 2612; x_wconf 86' lang='lat' dir='ltr'>Alexandrum</span> <span class='ocrx_word' id='word_1_276' title='bbox 1723 2580 1818 2614; x_wconf 84' lang='lat' dir='ltr'>ultra</span> 
     </span>
     <span class='ocr_line' id='line_1_34' title="bbox 328 2622 1819 2672; baseline 0.003 -17"><span class='ocrx_word' id='word_1_277' title='bbox 328 2622 501 2656; x_wconf 83' lang='lat' dir='ltr'>Greciam</span> <span class='ocrx_word' id='word_1_278' title='bbox 524 2635 638 2668; x_wconf 85' lang='lat' dir='ltr'>super</span> <span class='ocrx_word' id='word_1_279' title='bbox 662 2623 894 2657; x_wconf 77' lang='lat' dir='ltr'>orientalem</span> <span class='ocrx_word' id='word_1_280' title='bbox 925 2631 960 2657; x_wconf 85' lang='lat' dir='ltr'>et</span> <span class='ocrx_word' id='word_1_281' title='bbox 991 2624 1262 2671; x_wconf 72' lang='lat' dir='ltr'>Babylonicum</span> <span class='ocrx_word' id='word_1_282' title='bbox 1295 2627 1423 2660; x_wconf 86' lang='lat' dir='ltr'>muudi</span> <span class='ocrx_word' id='word_1_283' title='bbox 1457 2631 1599 2671; x_wconf 83' lang='lat' dir='ltr'>partem</span> <span class='ocrx_word' id='word_1_284' title='bbox 1629 2627 1819 2672; x_wconf 84' lang='lat' dir='ltr'>priucipa-</span> 
     </span>
     <span class='ocr_line' id='line_1_35' title="bbox 328 2671 1818 2718; baseline 0.003 -15"><span class='ocrx_word' id='word_1_285' title='bbox 328 2675 405 2703; x_wconf 88' lang='lat' dir='ltr'>tum</span> <span class='ocrx_word' id='word_1_286' title='bbox 425 2671 594 2704; x_wconf 86' lang='lat' dir='ltr'>tenuisse</span> <span class='ocrx_word' id='word_1_287' title='bbox 616 2676 652 2704; x_wconf 83' lang='lat' dir='ltr'>et</span> <span class='ocrx_word' id='word_1_288' title='bbox 671 2671 861 2705; x_wconf 84' lang='lat' dir='ltr'>Romanos</span> <span class='ocrx_word' id='word_1_289' title='bbox 887 2672 1007 2706; x_wconf 88' lang='lat' dir='ltr'>eidem</span> <span class='ocrx_word' id='word_1_290' title='bbox 1031 2673 1188 2706; x_wconf 89' lang='lat' dir='ltr'>obedire</span> <span class='ocrx_word' id='word_1_291' title='bbox 1211 2685 1441 2707; x_wconf 84' lang='lat' dir='ltr'>recusasse»</span> <span class='ocrx_word' id='word_1_292' title='bbox 1464 2673 1638 2718; x_wconf 73' lang='lat' dir='ltr'>(Dupuy,</span> <span class='ocrx_word' id='word_1_293' title='bbox 1663 2675 1818 2708; x_wconf 72' lang='lat' dir='ltr'>Preuves</span> 
     </span>
     <span class='ocr_line' id='line_1_36' title="bbox 328 2717 1815 2764; baseline 0.003 -13"><span class='ocrx_word' id='word_1_294' title='bbox 328 2717 381 2751; x_wconf 76' lang='lat' dir='ltr'>du</span> <span class='ocrx_word' id='word_1_295' title='bbox 409 2717 641 2763; x_wconf 81' lang='lat' dir='ltr'>Diffe&#39;rend...</span> <span class='ocrx_word' id='word_1_296' title='bbox 671 2731 707 2764; x_wconf 90' lang='lat' dir='ltr'>p.</span> <span class='ocrx_word' id='word_1_297' title='bbox 732 2720 788 2758; x_wconf 87' lang='lat'>45,</span> <span class='ocrx_word' id='word_1_298' title='bbox 819 2719 1047 2754; x_wconf 83' lang='lat' dir='ltr'>collationne</span> <span class='ocrx_word' id='word_1_299' title='bbox 1071 2733 1135 2754; x_wconf 88' lang='lat' dir='ltr'>sur</span> <span class='ocrx_word' id='word_1_300' title='bbox 1156 2718 1255 2755; x_wconf 90' lang='lat' dir='ltr'>Bibl.</span> <span class='ocrx_word' id='word_1_301' title='bbox 1287 2726 1364 2755; x_wconf 85' lang='lat' dir='ltr'>nat.</span> <span class='ocrx_word' id='word_1_302' title='bbox 1394 2721 1459 2756; x_wconf 86' lang='lat' dir='ltr'>lat.</span> <span class='ocrx_word' id='word_1_303' title='bbox 1487 2722 1614 2760; x_wconf 80' lang='lat'>10919,</span> <span class='ocrx_word' id='word_1_304' title='bbox 1641 2721 1706 2755; x_wconf 86' lang='lat' dir='ltr'>fol.</span> <span class='ocrx_word' id='word_1_305' title='bbox 1731 2722 1815 2762; x_wconf 83' lang='lat' dir='ltr'><strong>4v⁰‚</strong></span> 
     </span>
     <span class='ocr_line' id='line_1_37' title="bbox 328 2765 1166 2814; baseline 0.004 -16"><span class='ocrx_word' id='word_1_306' title='bbox 328 2777 359 2800; x_wconf 90' lang='lat' dir='ltr'>c.</span> <span class='ocrx_word' id='word_1_307' title='bbox 383 2765 431 2810; x_wconf 87' lang='lat'>2).</span> <span class='ocrx_word' id='word_1_308' title='bbox 457 2765 663 2811; x_wconf 83' lang='lat' dir='ltr'>Comparez</span> <span class='ocrx_word' id='word_1_309' title='bbox 691 2766 911 2801; x_wconf 85' lang='lat' dir='ltr'>ci-dessous</span> <span class='ocrx_word' id='word_1_310' title='bbox 932 2768 949 2811; x_wconf 65' lang='grc' dir='ltr'><strong>ἓ</strong></span> <span class='ocrx_word' id='word_1_311' title='bbox 971 2769 1026 2813; x_wconf 85' lang='lat'>70,</span> <span class='ocrx_word' id='word_1_312' title='bbox 1053 2781 1087 2814; x_wconf 90' lang='lat' dir='ltr'>p.</span> <span class='ocrx_word' id='word_1_313' title='bbox 1109 2769 1166 2803; x_wconf 91' lang='lat'>58.</span> 
     </span>
     <span class='ocr_line' id='line_1_38' title="bbox 377 2813 805 2855; baseline 0.005 -8"><span class='ocrx_word' id='word_1_314' title='bbox 377 2814 410 2847; x_wconf 86' lang='lat'>2.</span> <span class='ocrx_word' id='word_1_315' title='bbox 441 2813 590 2855; x_wconf 62' lang='lat' dir='ltr'>Matth„</span> <span class='ocrx_word' id='word_1_316' title='bbox 612 2813 656 2854; x_wconf 85' lang='lat' dir='ltr'>X,</span> <span class='ocrx_word' id='word_1_317' title='bbox 681 2815 805 2849; x_wconf 85' lang='lat'><strong>18-19.</strong></span> 
     </span>
    </p>
   </div>
  </div>
 </body>
</html>
