1942 3242
323 221 365 255 46
866 219 1050 254 PIERRE
1079 219 1270 254 DUBOIS.

54 325 203 367 Empioita
236 322 304 368 fajre
385 316 556 366 [XXXIV]
595 311 678 358 57.
716 310 834 365 Quid
865 326 986 370 ergo,
1018 311 1248 369 premissis
1275 310 1492 362 deductis,
1522 311 1597 353 fiet
1624 311 1677 354 de
1705 313 1815 355 resi-

88 358 303 435 ἒῖἷέἐῗιωάε·
325 383 422 426 duis
450 383 578 425 bonis
597 382 851 441 hujusmodi
877 381 1188 440 prioratuum?
1214 381 1475 440 responderi
1505 390 1651 440 potest
1677 383 1811 441 quod,

323 454 565 498 secundum
581 462 742 497 statuta
759 461 1010 496 sanctorum
1031 455 1225 504 Patrum,
1247 453 1397 496 clerici
1418 453 1615 514 religiosi
1634 462 1678 496 et
1695 470 1815 498 secu-

322 527 436 570 lares
463 542 552 568 non
579 534 681 569 sunt
713 525 882 568 domini
903 541 1049 567 rerum
1076 524 1360 567 ecclesiarum
1396 525 1473 567 sed
1510 525 1651 569 solum
1684 525 1814 568 admi—

321 598 606 650 nistratores3
632 613 685 639 ex
705 597 767 639 eis
785 605 972 655 possunt
993 597 1047 638 ab
1065 596 1343 639 institutione
1365 597 1563 639 Ecclesie
1583 597 1814 657 percipere

319 670 497 720 victum,
527 669 749 719 vestitum,
779 676 823 711 et
844 668 927 710 alia
949 668 1222 710 neccessaria
1243 667 1299 710 ad
1319 668 1675 726 procurationem
1697 669 1813 722 vite3

318 749 459 783 totum
487 740 714 783 residuum
740 755 983 798 pauperum
1005 747 1071 781 est
1093 747 1136 781 et
1155 739 1425 797 pauperibus
1444 739 1631 781 debetur
1650 757 1659 791 ;
1684 739 1814 798 quid-

321 812 427 870 quid
455 812 509 854 ab
537 811 968 854 administratoribus
995 811 1040 853 in
1067 810 1359 869 prejudicium
1378 825 1623 869 pauperum
1649 811 1814 854 retine—

319 892 406 933 tur,
445 883 499 925 ad
525 883 633 925 alios
663 899 767 925 usus
802 882 1065 940 applicatur,
1105 890 1404 924 contractatur
1439 883 1483 924 in
1520 881 1813 940 prejudicium

321 954 488 996 Christi
514 969 846 1012 pauperumque
873 969 1050 996 suorum
1073 953 1148 1011 qui
1169 962 1271 995 sunt
1292 955 1386 1011 ejus
1413 954 1624 1003 membra,
1650 953 1811 996 furtum

321 1034 402 1076 est,
434 1026 587 1083 rapina
614 1034 696 1075 est,
726 1025 1006 1084 sacrilegium
1033 1032 1113 1066 est.

381 1098 564 1139 Constat
595 1096 714 1154 quod
746 1097 819 1138 isti
849 1096 1020 1155 priores
1054 1096 1251 1138 forenses
1288 1104 1331 1138 et
1365 1096 1455 1138 fere
1483 1112 1634 1138 omnes
1662 1096 1812 1139 clerici

321 1168 375 1210 de
403 1168 580 1210 residuo
607 1168 692 1209 isto
719 1168 935 1210 bonorum
952 1167 1236 1209 ecclesiarum
1264 1175 1307 1209 et
1327 1168 1692 1210 monasteriorum
1719 1167 1813 1226 plu·

321 1239 478 1281 rimum
519 1239 645 1281 abusi
682 1247 793 1288 sunt
817 1257 826 1291 3
876 1247 919 1281 et
960 1238 1127 1281 idcirco
1174 1238 1365 1280 finaliter
1410 1238 1574 1280 debent
1612 1239 1811 1281 amittere

320 1311 600 1370 privilegium
628 1327 704 1353 seu
725 1310 870 1353 verius
897 1310 1122 1368 loquendo
1145 1309 1395 1352 facultatem
1423 1309 1476 1352 de
1503 1310 1632 1352 bonis
1658 1310 1812 1368 hujus-

321 1382 439 1424 modi
479 1382 721 1424 secundum
759 1398 858 1424 suas
884 1381 1131 1424 voluntates
1160 1381 1312 1423 saltem
1340 1380 1530 1423 finaliter
1557 1381 1808 1423 ordinandi.

322 1453 507 1501 Idcirco,
556 1462 603 1495 ut
638 1469 726 1495 non
769 1462 889 1496 tanta
924 1453 1225 1495 thesaurizent
1265 1452 1500 1503 seculares,
1544 1453 1728 1495 maxime
1766 1453 1812 1495 in

320 1525 615 1583 prejudicium
660 1541 919 1584 pauperum,
955 1541 1064 1583 quos
1116 1524 1372 1582 frequenter
1417 1526 1539 1582 juxta
1581 1524 1812 1566 thesauros

320 1613 471 1639 eorum
498 1597 663 1646 vident,
695 1605 738 1638 et
759 1612 847 1638 non
869 1596 1148 1645 miserentur,
1174 1595 1284 1637 fame
1307 1603 1349 1636 et
1370 1594 1533 1654 frigore
1555 1603 1807 1653 pereuntes.

380 1670 560 1711 Petatur
586 1685 666 1726 per
693 1668 928 1710 concilium
963 1667 1095 1710 statui
1135 1666 1254 1725 quod
1291 1668 1428 1724 major
1461 1683 1562 1725 pars
1594 1667 1810 1709 bonorum

320 1739 630 1782 decedentium
656 1739 855 1798 predicte
884 1739 1124 1798 provisioni
1153 1741 1287 1781 Terre
1323 1740 1483 1781 Sancte
1517 1746 1561 1780 et
1588 1738 1807 1796 sequenti,

320 1827 404 1869 que
431 1811 575 1853 tendit
594 1811 649 1854 ad
678 1811 1032 1853 reformationem
1051 1818 1094 1852 et
1115 1810 1327 1852 unitatem
1347 1826 1492 1852 veram
1512 1810 1648 1851 totius
1668 1809 1810 1867 reipu-

321 1883 435 1925 blice
457 1883 789 1933 catholicorum,
821 1882 1168 1925 misericorditer
1195 1881 1441 1940 applicetur
1469 1897 1552 1923 una
1582 1897 1679 1923 cum
1707 1880 1810 1922 resi-

321 1954 407 1996 duo
428 1955 644 1997 bonorum
667 1954 884 1996 dictorum
911 1954 1201 2012 prioratuum,
1233 1952 1351 2011 quod
1373 1953 1546 1995 videtur
1566 1952 1659 1994 fieri
1682 1967 1812 2010 posse

322 2026 672 2067 commodissime
697 2041 776 2083 per
796 2026 908 2067 viam
927 2025 1039 2067 infra
1063 2025 1286 2083 scriptam.
1315 2024 1444 2078 Quod
1466 2033 1610 2066 autem
1632 2039 1812 2065 necces-

322 2097 425 2139 sitas
457 2105 499 2139 et
535 2097 714 2139 evidens
751 2096 916 2138 utilitas
948 2104 1068 2138 tante
1107 2112 1216 2138 nove
1246 2095 1527 2154 provisionis,
1565 2095 1669 2136 alias
1702 2094 1812 2136 sorte

322 2168 499 2210 minime
524 2168 729 2226 cogitate,
761 2167 831 2217 sit,
862 2166 1035 2208 videtur
1063 2166 1277 2208 declarari
1297 2183 1427 2224 posse
1457 2166 1532 2208 sic.

50 2251 71 2277 11
88 2251 145 2277 suut
167 2255 223 2276 tout
240 2252 300 2286 pre·-
382 2243 532 2293 [xxxv]
569 2241 712 2297 Supra
738 2247 853 2281 tacta
878 2246 979 2280 sunt
1007 2254 1055 2280 ea
1078 2254 1162 2296 que
1190 2237 1245 2279 ad
1275 2254 1371 2279 esse
1399 2237 1748 2295 recuperationis
1770 2245 1812 2279 et.

86 2295 166 2322 parer
174 2286 300 2312 d'uvanee

87 2331 154 2358 pour
182 2331 233 2363 qne
263 2322 301 2348 les
323 2310 669 2353 conservationis
692 2312 826 2352 Terre
854 2311 1014 2353 Sancte
1037 2309 1338 2367 requiruntur,
1364 2309 1442 2351 sed
1463 2325 1551 2350 non
1574 2316 1639 2351 est
1665 2308 1812 2366 provi-

86 2358 301 2384 chremens

87 2393 302 2455 Ξῗέἓηιὼῗωωιῖζ
322 2398 416 2424 sum
439 2398 518 2423 nee
536 2390 699 2423 tactum
721 2381 774 2423 de
790 2381 874 2423 hiis
891 2396 975 2438 que
997 2380 1051 2422 ad
1066 2381 1178 2422 bene
1198 2396 1293 2422 esse
1305 2380 1600 2422 habitatorum
1617 2379 1811 2437 ejusdem

87 2467 170 2491 Terre
206 2465 301 2505 'sainte
322 2462 438 2495 terre
460 2453 757 2510 requirentur.

87 2509 263 2535 ⁹⁰⁰⁰⁰q⁰¹⁵e⁵
385 2524 430 2566 Si
453 2524 567 2565 enim
596 2523 867 2564 habitatores
895 2522 1012 2564 illius
1030 2530 1147 2564 terre
1174 2522 1284 2564 male
1306 2523 1466 2572 vivant,
1486 2524 1606 2580 juxta
1629 2521 1674 2563 id
1695 2520 1813 2579 quod

325 2595 534 2652 scriptum
568 2602 663 2635 est:
705 2595 824 2636 Loca
854 2610 940 2635 non
969 2594 1247 2650 sanctificant
1281 2594 1488 2646 homines,
1515 2594 1593 2635 secl
1621 2593 1814 2634 homines

324 2666 607 2722 sanctificant
648 2667 759 2717 loca,
814 2664 1034 2723 quomodo
1078 2664 1254 2706 durabit
1299 2680 1483 2722 regnum
1529 2672 1571 2706 et
1619 2671 1813 2722 potestas

326 2737 434 2778 male
471 2736 839 2785 conversantium,
871 2736 906 2777 si
939 2736 1140 2778 homines
1177 2736 1302 2794 quasi
1341 2751 1393 2777 ex
1424 2735 1627 2777 omnibus
1664 2734 1814 2777 mondi

49 2633 133 2660 pour
158 2624 265 2658 qu’ils
287 2634 303 2660 y

128 2665 251 2686 trouvent
271 2661 303 2686 de

94 2704 149 2721 »ons
170 2696 305 2722 medecina

87 2731 121 2756 de
136 2731 214 2757 l'stnie
231 2737 256 2758 et
269 2732 303 2758 du

87 2775 175 2803 corps.

325 2809 524 2866 partibus
552 2807 613 2848 ibi
642 2808 898 2865 congregati
928 2807 1038 2848 male
1065 2807 1208 2849 vivere
1237 2807 1466 2864 incipiant,
1498 2814 1540 2848 et
1561 2814 1813 2848 assuescant
