1942 3242
328 213 391 245 126
870 215 1055 249 PIERRE
1084 217 1276 252 DUBOIS.

329 301 466 353 volui,
490 318 682 361 sequens
701 303 949 347 doctrinam
977 306 1237 366 Philosophi
1266 307 1341 366 qui
1364 309 1423 351 ait
1468 310 1588 368 quod
1610 327 1618 352 :
1664 310 1823 354 Omnes

321 375 598 433 professores
619 378 812 419 veritatis
820 376 927 434 plus
953 377 1109 420 debent
1133 379 1348 422 adherere
1366 383 1541 423 veritati
1553 397 1681 440 quam
1709 386 1822 425 ami-

330 448 443 499 citie,
492 456 536 488 et
581 446 701 504 quod
743 447 832 489 duo
869 459 974 491 sunt
1006 465 1140 507 opera
1169 450 1402 508 sapientis:
1463 453 1676 506 Primum,
1736 469 1822 496 non

329 520 504 560 mentiri
521 518 574 559 de
596 519 749 577 quibus
778 522 921 573 novtt;
947 522 1199 575 seeundum,
1230 526 1498 565 mentientem
1533 524 1823 582 manifestare

320 605 466 647 posse.
501 589 556 631 Et
600 589 644 631 in
690 606 857 633 canone
908 591 1128 651 legimus:
1177 594 1337 637 Melius
1355 598 1527 653 estpati
1529 612 1616 653 pro
1642 599 1823 640 veritate

328 661 585 720 supplicium
636 678 769 721 quam
799 679 886 721 pro
937 664 1192 707 adulatione
1236 666 1580 709 emolumentum.
1640 668 1820 710 Certum

329 743 397 774 est
423 732 543 791 quod
573 749 727 775 omnes
760 733 1025 777 mentientes
1054 735 1099 777 in
1125 736 1421 794 prejudicium
1459 737 1639 781 alterius
1664 750 1821 782 morta·

329 803 429 846 liter
444 799 651 862 peccant,
677 815 720 847 et
732 816 837 848 sunt
857 806 1044 864 Dyaboli
1060 806 1138 848 filii
1160 808 1397 866 Deumque
1417 820 1580 868 negant
1595 826 1675 852 suo
1688 810 1818 861 facto,

329 875 575 918 secundum
602 876 906 919 testimonium
935 877 1152 935 Apostoli,
1178 879 1252 937 qui
1275 879 1483 922 omnibus
1503 897 1589 939 que
1617 898 1821 939 perversa

329 958 432 990 sunt
459 946 584 989 factis
617 949 761 990 Deum
789 948 945 991 asserit
973 949 1140 1008 negari,
1179 961 1223 992 et
1252 967 1405 994 omnes
1429 968 1606 995 veraces
1639 952 1717 995 filii
1740 953 1820 996 Dei

327 1029 556 1062 vocantur.
580 1020 693 1062 Cum
721 1031 867 1062 autem
902 1036 983 1080 ego
1013 1021 1095 1063 sim
1132 1033 1345 1080 patronus
1381 1040 1612 1067 causarum
1653 1024 1819 1067 domini

329 1090 462 1150 regis,
485 1090 628 1133 eidem
650 1093 1045 1149 pel-juramentum
1077 1092 1298 1145 astrictus,
1321 1095 1547 1137 crederem
1578 1095 1820 1138 mortaliter

327 1178 527 1221 peccare,
558 1162 593 1205 si
622 1174 812 1206 tacerem
833 1163 1062 1206 veritatem
1090 1164 1426 1222 premissorum,
1450 1167 1493 1208 in
1515 1178 1686 1209 tantum
1707 1167 1820 1226 peri-

288 1279 292 1281 ,
327 1234 478 1277 culum
509 1245 553 1276 et
579 1234 878 1293 prejudicium
911 1234 1141 1293 spirituale
1175 1248 1220 1278 et
1246 1238 1488 1296 temporale
1531 1238 1698 1280 domini
1735 1238 1820 1281 mei

62 1817 193 1844 Remedes
206 1822 234 1844 et
249 1825 307 1844 re·-

118 1854 236 1881 titutions
241 1874 247 1880 .

327 1316 371 1348 et
392 1305 785 1348 innumerabilium
807 1322 990 1349 suorum
1023 1307 1317 1350 subditorum.
1349 1311 1406 1352 Ut
1433 1309 1547 1351 enim
1577 1309 1638 1352 ait
1675 1309 1819 1352 Philo-

327 1378 525 1436 sophus:
574 1379 803 1420 Fortitudo
841 1379 943 1436 (que
964 1389 1031 1420 est
1050 1378 1191 1422 virtus
1218 1379 1379 1422 nobilis
1416 1381 1627 1439 precipue
1659 1381 1820 1439 princi-

326 1448 458 1508 pibus
491 1460 535 1492 et
572 1449 735 1492 milicie
767 1449 1049 1507 conveniens)
1094 1460 1159 1492 est
1203 1455 1430 1510 aggressio
1474 1453 1728 1495 terribilium
1777 1456 1820 1495 in

327 1519 482 1580 quibus
510 1537 628 1563 mors
658 1523 829 1574 eminet,
851 1531 1037 1580 propter
1066 1522 1220 1564 bonum
1267 1539 1505 1566 commune.
1537 1524 1591 1566 Et
1621 1523 1665 1565 in
1699 1539 1818 1566 sacra

331 1591 610 1651 Scriptura¹:
668 1594 777 1635 Dum
819 1594 951 1652 fortis
984 1604 1181 1635 armatus
1208 1595 1395 1637 custodit
1422 1601 1582 1638 atrium
1607 1611 1745 1648 suum,
1776 1601 1820 1637 in

323 1680 435 1723 pace
454 1674 557 1706 sunt
590 1670 738 1707 omnia
772 1680 851 1723 que
884 1665 1092 1723 possidet.

391 1806 508 1853 137.
546 1808 658 1849 Cum
704 1823 809 1866 ergo
845 1807 1060 1865 premissa
1102 1807 1164 1850 sic
1210 1807 1319 1851 facta
1362 1825 1451 1851 non
1502 1820 1684 1867 possent
1731 1825 1817 1852 non

328 1878 437 1921 sacta
477 1878 628 1929 fuisse,
673 1878 899 1936 quoniam,
944 1890 993 1922 ut
1026 1879 1085 1921 ait
1124 1879 1207 1930 lex,
1239 1880 1359 1938 facte
1397 1896 1526 1922 cause
1559 1897 1646 1939 pro
1680 1884 1819 1939 justis

327 1950 484 1993 haberi
526 1967 610 1992 non
641 1961 840 2008 possunt,
890 1950 1029 2009 sapiat
1056 1962 1099 1993 et
1137 1950 1355 2009 intelligat
1393 1951 1598 1994 dominus
1639 1968 1730 2003 rex,
1770 1969 1818 1996 ac

326 2021 563 2064 novissima
607 2021 752 2064 taliter
798 2022 1027 2080 provideat
1080 2022 1201 2081 quod
1249 2023 1465 2080 premissa
1522 2023 1666 2066 taliter
1729 2040 1817 2066 non

325 2093 432 2136 fiant
461 2092 503 2136 in
535 2104 793 2152 posterum3
823 2104 866 2135 et
894 2093 1014 2152 quod
1041 2093 1150 2152 ipse,
1187 2095 1312 2152 juxta
1346 2094 1582 2137 consilium
1619 2094 1816 2137 Ecclesie

323 2181 597 2223 suorumque
643 2164 962 2223 sapientiorum
1002 2164 1372 2216 consiliariorum,
1415 2166 1532 2208 clero
1568 2177 1611 2208 et
1650 2166 1815 2225 populo

322 2235 467 2279 taliter
518 2235 976 2294 recompensationem
1031 2235 1310 2294 repromittat
1361 2248 1404 2279 et
1459 2237 1637 2280 demum
1687 2237 1816 2280 faciat

322 2308 442 2366 quod
470 2307 553 2366 ipsi
582 2324 671 2350 non
702 2307 928 2349 retrahant
949 2307 1138 2365 amplius
1166 2307 1415 2350 orationum
1445 2308 1655 2368 suffragia
1688 2308 1813 2351 devo-

321 2390 482 2430 tarum,
512 2390 556 2421 et
582 2378 702 2437 quod
737 2378 844 2420 iram
874 2378 1050 2436 placare
1082 2378 1224 2420 valeat
1260 2379 1496 2430 Creatoris,
1532 2395 1649 2430 cum,
1680 2390 1813 2438 prout

321 2450 365 2492 in
394 2466 559 2493 canone
604 2450 820 2509 legimus:
869 2451 1092 2492 Bonarum
1111 2454 1314 2492 mentium
1343 2457 1398 2493 sit
1426 2455 1576 2493 timere
1621 2452 1807 2508 culpam,

320 2629 454 2664 salutis
479 2635 515 2663 et
536 2629 710 2664 utilitatis
735 2628 944 2675 reipublice
979 2629 1064 2674 plus
1097 2628 1135 2662 in
1169 2640 1287 2683 regno
1316 2628 1472 2663 Francie
1504 2639 1614 2674 quam
1652 2627 1689 2660 in
1724 2626 1808 2661 aliis

318 2677 448 2711 mundi
463 2677 636 2723 partibus
658 2677 838 2711 hactenus
860 2676 1034 2716 inolevit;
1054 2677 1154 2723 quod
1175 2677 1311 2710 vicium
1332 2677 1421 2710 velit
1437 2682 1540 2710 actor
1561 2675 1727 2709 omnium
1744 2674 1808 2708 bo-

317 2737 465 2766 norum,
485 2726 714 2771 suffragante
735 2724 839 2770 regia
860 2724 1055 2770 majestate
1092 2736 1175 2758 cum
1198 2724 1276 2758 suis
1298 2723 1540 2770 peritissimis
1563 2722 1806 2763 consiliariis,

318 2772 453 2807 diebus
472 2772 616 2806 nostris
638 2785 705 2818 per
727 2785 831 2806 suam
853 2771 1014 2818 gratiam
1035 2771 1334 2806 misericorditer
1355 2771 1542 2816 extirpare
1565 2783 1597 2803 ».

367 2823 399 2855 1.
431 2821 521 2862 Luc,
544 2820 608 2862 XI
633 2822 691 2854 21.
