1942 3242
429 220 487 253 DE
517 219 939 252 RECUPERATIONE
970 218 1134 252 TERRE
1165 219 1367 252 SANCTE.
1605 219 1648 252 99

152 310 325 354 insidiis
351 310 600 360 venenosis,
625 310 672 352 in
699 326 775 352 sua
795 318 915 355 terra
935 309 1070 352 natali
1090 310 1217 368 regui
1243 311 1532 359 Francorum,
1565 308 1647 350 soli

153 381 360 441 regimini
375 382 619 424 animarum
640 381 850 432 vacando,
873 381 947 423 diu
960 389 1004 423 et
1025 397 1129 423 sane
1144 381 1305 431 vivere,
1324 381 1513 423 Romani
1535 381 1647 423 aeris

153 453 234 496 sibi
283 469 371 495 non
412 453 599 495 natalem
640 453 952 511 intemperiem
995 452 1234 503 evittando,
1275 451 1394 510 quod
1443 452 1647 495 omnibus

153 524 351 583 ejusdem
390 524 559 566 domini
586 540 698 583 pape
729 524 896 585 amicis,
926 524 1140 582 proximis
1173 532 1216 566 et
1250 524 1515 581 conjunctis,
1546 540 1647 582 pre-

153 596 305 638 sertim
323 595 407 638 toti
432 611 571 655 regno
591 597 879 646 Francorum,
905 603 1022 638 esset
1042 595 1087 637 in
1108 591 1388 654 perpetuum,
1413 595 1646 653 plusquam

153 682 270 710 nunc
295 666 417 709 credi
443 674 608 725 posset,
639 666 854 718 salutare3
885 667 1094 725 quoniam
1131 667 1447 709 ultramontani
1480 667 1648 709 benefi-

153 738 321 781 ciorum
367 738 598 797 pinguium
649 738 1069 780 citramontanarum
1115 738 1401 780 ecclesiarum
1448 737 1644 789 divicias,

152 817 285 868 prout
303 809 420 851 soliti
448 817 550 852 sunt
577 808 738 860 facere,
761 825 843 868 pro
865 810 955 851 suis
984 817 1026 851 et
1045 826 1223 852 suorum
1251 810 1449 852 turribus
1478 809 1646 852 elevan-

153 880 236 932 dis,
276 879 489 922 fraudatis
534 880 749 930 ecclesiis,
793 880 952 922 divinis
992 879 1147 923 officiis
1184 897 1274 923 non
1312 889 1562 939 parcerent,
1605 889 1647 923 et

152 951 334 1011 pinguia
361 951 574 994 beneficia
596 959 684 993 non
705 951 949 1005 haberent;
978 969 1149 995 summa
1177 953 1311 1000 etiam,
1337 953 1522 995 ecclesie
1550 969 1645 1011 pre-

152 1022 257 1065 latio
278 1039 432 1065 manus
453 1039 542 1065 non
563 1022 778 1082 effugeret
806 1023 1092 1074 Gallicorum,
1118 1033 1250 1082 prout
1274 1023 1540 1082 jampridem
1562 1024 1646 1067 hoc

151 1093 330 1136 solitum
357 1103 424 1137 est
449 1110 528 1153 per
549 1095 736 1136 astucias
758 1103 800 1136 et
826 1095 1047 1138 naturales
1073 1094 1317 1138 versucias¹
1344 1096 1644 1138 Romanorum

152 1166 243 1224 qui,
268 1166 437 1208 calcare
458 1166 540 1208 sub
554 1166 743 1224 pedibus
762 1166 953 1209 nitentes
974 1183 1053 1225 per
1080 1167 1331 1226 superbiam
1355 1183 1477 1209 suam
1505 1168 1644 1209 humi-

150 1235 318 1280 litatem
359 1236 667 1297 Gallicorum',
697 1237 956 1296 temptare&
978 1247 1361 1297 presumpserunt,
1393 1239 1512 1297 quod
1539 1239 1644 1281 alias

149 1307 291 1351 fuerat
304 1308 566 1359 inauditum,
586 1325 718 1367 super
730 1325 916 1368 regnum
931 1311 1201 1353 Francorum
1218 1319 1261 1352 et
1273 1312 1366 1368 ejus
1385 1326 1639 1369 supremum

147 1379 395 1439 principem
421 1380 666 1438 temporale
687 1380 940 1435 *dominium
967 1381 1216 1432 vendicare,
1252 1398 1419 1424 summe
1451 1381 1571 1440 pacis
1599 1390 1641 1424 et

148 1450 384 1493 concordie
414 1467 600 1510 regnum
633 1451 688 1494 ad
720 1451 983 1494 seditionem
1011 1461 1270 1511 perpetuam
1300 1453 1639 1512 dampnabiliter

147 1521 397 1574 incitando3
422 1524 547 1581 cujus
580 1525 857 1582 tempestatis
884 1532 1276 1582 presumptuosum
1304 1524 1503 1576 inicium,
1534 1541 1637 1584 rege

145 1681 260 1728 quod,
280 1682 465 1716 estimatis
487 1680 665 1716 omnibus
680 1681 982 1717 obvencionibus
1001 1683 1170 1729 ejusdem
1192 1684 1411 1729 patrimonii
1431 1685 1477 1719 ad
1500 1698 1635 1731 papam

145 1729 405 1775 spectantibus
426 1735 500 1764 tam
517 1731 562 1764 de
584 1730 677 1764 urbe
698 1742 866 1770 romana,
884 1731 1011 1770 Tucia,
1035 1731 1233 1765 maritimis
1252 1738 1288 1765 et
1303 1733 1505 1773 montanis,
1525 1747 1635 1779 quam

142 1777 188 1810 de
212 1777 340 1822 regnis
363 1777 501 1818 Sicilie,
524 1778 660 1824 Anglie
674 1784 711 1811 et
727 1777 918 1824 Aragonie
932 1784 967 1812 et
983 1778 1080 1819 aliis,
1105 1791 1172 1825 per
1187 1778 1452 1826 ma[jestatem]
1472 1787 1633 1815 vestram

144 1823 279 1858 habeat
309 1837 405 1870 papa
435 1831 578 1859 tantum
606 1831 785 1872 quantum
818 1826 957 1860 habere
987 1827 1195 1866 consuevit,
1218 1839 1286 1860 vos
1315 1834 1439 1861 autem
1461 1829 1634 1875 homagia

141 1883 272 1917 regum
293 1878 330 1905 et
350 1872 510 1906 aliorum
531 1873 744 1919 principum
767 1885 807 1907 ac
839 1886 971 1908 omnes
992 1873 1236 1908 obediencias
1259 1875 1462 1915 civitatum,
1487 1882 1634 1910 castro-

142 1930 236 1959 rum,
260 1919 432 1953 villarum
455 1919 671 1954 habeatis...
695 1933 712 1953 »
736 1921 862 1967 Voyez
884 1921 988 1955 aussi
1011 1922 1227 1956 ci-dessous
1247 1923 1264 1966 ξ
1286 1924 1365 1961 116,
1387 1924 1507 1957 aline'a
1527 1926 1560 1958 3.

191 1963 223 2001 1'.
253 1966 304 2000 La
324 1966 433 2001 haine
455 1968 500 2001 de
518 1967 665 2002 Dubois
684 1980 781 2014 pour
803 1969 857 2002 les
880 1969 1072 2008 RomainS,
1095 1970 1148 2003 les
1181 1969 1394 2003 Lombards
1423 1977 1458 2005 et
1485 1972 1540 2005 les
1562 1971 1632 2005 Ita-

142 2013 238 2047 liens
257 2025 302 2047 en
323 2014 477 2060 general
500 2015 673 2050 s'affirme
695 2016 789 2049 daus
812 2022 896 2050 tous
914 2029 974 2050 ses
996 2017 1132 2057 ecrits;
1154 2017 1256 2057 dest,
1281 2018 1301 2051 a
1333 2030 1394 2051 ses
1416 2031 1524 2065 yeux,
1559 2032 1631 2053 une

141 2072 227 2095 race
245 2061 454 2107 hypocrite,
477 2062 603 2096 vivant
624 2063 718 2097 dans
739 2076 789 2097 un
810 2064 937 2098 climat
958 2065 1136 2104 malsain;
1157 2065 1202 2098 cf.
1217 2064 1413 2106 Deabrev„
1433 2066 1497 2101 fol.
1517 2068 1559 2102 28
1573 2075 1628 2100 v0:

143 2121 162 2141 «
190 2108 384 2142 Peccatum
408 2109 660 2144 simulationis
694 2111 779 2156 plus
800 2111 902 2157 viget
921 2112 959 2146 in
981 2125 1051 2146 una
1073 2112 1231 2158 regione
1259 2125 1370 2159 quam
1403 2113 1441 2147 in
1473 2115 1557 2153 alia,
1593 2120 1631 2148 ut

142 2155 362 2202 plerumque
380 2157 564 2202 contingit
578 2158 616 2192 in
633 2157 726 2192 urbe
748 2171 916 2199 romana,
941 2172 1057 2205 super
1075 2172 1149 2206 quo
1165 2172 1302 2194 novum
1319 2161 1495 2195 viderunt
1510 2174 1629 2195 exem-

141 2203 245 2249 plum
266 2204 457 2250 peregrini
477 2204 618 2239 ibidem
651 2212 852 2253 querentes
882 2206 1162 2253 indulgenciam
1193 2208 1360 2241 omnium
1388 2215 1629 2254 peccatorum

142 2257 318 2297 tauquam
339 2263 424 2286 vere
443 2253 655 2298 penitentes
677 2260 714 2287 et
734 2254 913 2293 confessi,
934 2255 998 2301 qui
1026 2256 1207 2288 refferunt
1226 2267 1265 2289 se
1287 2258 1535 2290 communiter
1556 2256 1629 2290 ibi—

142 2298 226 2332 dem
247 2305 284 2332 et
303 2298 342 2332 in
362 2299 419 2333 via
439 2312 556 2346 prope
574 2306 712 2335 terram
731 2302 833 2335 illam
861 2302 1004 2335 vidisse
1020 2303 1134 2348 quod,
1159 2315 1239 2336 cum
1257 2303 1295 2336 in
1323 2303 1496 2337 ecclesiis
1512 2305 1566 2338 vel
1591 2305 1629 2338 in

140 2345 198 2379 via
213 2345 370 2380 cadebat
383 2348 606 2392 peregrinus
621 2361 703 2382 cum
716 2361 824 2395 equo,
842 2349 898 2383 vel
915 2349 996 2383 sine
1009 2349 1130 2390 turba,
1149 2362 1232 2384 cum
1246 2350 1388 2395 impetu
1404 2351 1626 2391 fortissimo,

141 2405 244 2427 more
266 2393 404 2428 brutali
428 2407 467 2428 se
488 2396 678 2440 ingerens,
702 2396 892 2430 transiens
916 2409 1030 2441 super
1051 2410 1134 2431 eum
1157 2398 1219 2443 qui
1255 2398 1453 2439 ceciderat,
1481 2399 1628 2433 interfi-

140 2440 263 2476 ciebat
283 2454 364 2475 eum
389 2442 513 2476 statim
535 2455 616 2476 cum
637 2455 733 2490 equo
751 2444 808 2478 vel
829 2444 922 2482 sine,
947 2457 1014 2478 nec
1031 2451 1111 2479 erat
1130 2446 1193 2491 qui
1215 2446 1259 2479 de
1282 2446 1350 2479 hoc
1381 2453 1553 2486 curaret;
1594 2453 1630 2480 et

140 2487 189 2522 ob
211 2489 297 2522 talia
321 2501 433 2534 supra
457 2490 639 2536 scriptum
661 2496 718 2525 est
746 2492 846 2537 quod
875 2493 1047 2538 expediet
1076 2505 1225 2538 semper
1252 2505 1362 2539 reges
1398 2494 1626 2528 Francorum

140 2537 315 2582 generari
333 2542 369 2570 et
390 2537 493 2571 nasci
515 2550 555 2572 ac
575 2538 711 2572 nutriri
739 2539 776 2572 in
792 2551 910 2584 regno
930 2552 1011 2579 suo,
1036 2540 1235 2585 presertim
1256 2541 1293 2574 in
1317 2541 1409 2574 locis
1431 2542 1468 2574 in
1488 2542 1627 2588 quibus

141 2589 229 2617 sunt
247 2584 418 2618 homines
440 2584 667 2630 regulariter
685 2585 780 2619 bene
802 2587 979 2632 dispositi
995 2594 1153 2633 propter
1175 2588 1367 2622 meliorem
1391 2589 1628 2623 inssuenciam

140 2630 210 2664 celi
230 2638 267 2665 et
283 2643 486 2677 corporum
506 2644 577 2678 que
600 2637 686 2666 sunt
703 2633 741 2666 in
762 2634 893 2667 eodem
912 2647 945 2667 ».

189 2679 221 2712 2.
251 2678 310 2712 On
330 2679 401 2713 sait
422 2692 494 2726 que
516 2680 693 2714 Boniface
714 2680 803 2714 VIII
826 2682 1020 2727 renvoyait
1047 2694 1116 2716 aux
1139 2683 1316 2726 Francais
1348 2689 1443 2717 cette
1474 2697 1628 2718 accusa-

140 2724 220 2758 tion
241 2725 438 2772 d'orgueil‚
460 2733 496 2761 et
518 2727 653 2773 parlait
673 2727 881 2762 volontiers
903 2729 997 2763 dela
1018 2742 1035 2762 (ε
1059 2729 1237 2775 superbia
1256 2730 1440 2776 gallicana
1460 2744 1530 2777 que
1553 2745 1626 2765 non

140 2773 380 2818 recognoscit
401 2775 636 2821 superiorem
651 2774 688 2808 in
709 2775 824 2809 terris
842 2788 876 2809 >).

187 2821 220 2854 3.
250 2819 422 2867 Bongars
440 2835 459 2856 a
481 2822 577 2857 omis
601 2822 649 2857 ici
670 2823 765 2857 deux
786 2823 909 2868 lignes
930 2823 1092 2858 entieres
1113 2823 1266 2870 (depuis
1283 2825 1424 2872 prout).
