1942 3242
416 219 474 250 DE
506 216 922 250 RECUPERATIONE
951 216 1114 248 TERRE
1144 217 1342 248 SANCTE.
1608 215 1623 245 7

132 308 334 358 ecclesie,
359 308 434 366 qui
456 307 639 349 inferius
660 306 857 364 tangitur
875 323 884 357 3
903 313 947 347 et
967 305 1052 347 nisi
1072 305 1247 346 vinculo
1266 304 1387 362 pacis
1400 304 1521 346 unita
1533 312 1624 345 tota

131 379 379 438 respublica
402 378 753 421 christicolarum
766 377 951 419 ecclesie
972 392 1151 418 romane
1165 375 1464 417 obedientium
1478 375 1625 416 taliter

129 451 321 501 uniatur,
353 449 472 508 quod
500 449 706 492 catholici
734 455 908 490 cessent
934 448 988 489 ab
1010 447 1213 489 omnibus
1235 446 1407 506 guerris
1435 446 1551 487 inter
1579 462 1623 487 se

128 522 340 573 invicem3
371 522 430 563 ita
457 520 575 579 quod
603 520 639 562 si
666 519 802 578 aliqui
830 527 983 561 contra
1009 519 1093 560 hoc
1121 518 1436 568 commiserint,
1471 533 1524 559 ex
1550 517 1624 559 illa

127 593 437 635 commissione
458 600 502 634 et
522 592 578 634 ob
601 607 710 641 eam,
736 589 1013 648 recuperatio
1029 598 1072 632 et
1093 589 1292 631 defensio
1307 591 1442 632 Terre
1462 589 1622 631 Sancte

128 664 404 714 fortificetur,
429 663 548 722 quod
569 663 632 704 sic
659 661 755 704 fieri
775 661 966 720 poterit:

186 737 436 778 Convocato
458 733 660 784 concilio,
685 740 869 791 propter
886 732 1088 774 ardorem
1107 731 1258 774 salutis
1281 733 1314 774 T
1318 747 1415 773 erre
1439 732 1616 781 Sancte,
1644 743 1892 812 Mffisrqregossrpffi-

126 823 291 849 summa
304 806 464 865 regalis
484 804 761 863 experiencia
773 812 924 863 petere
936 804 1100 862 poterit
1114 819 1193 862 per
1205 803 1430 845 dominum
1443 818 1616 861 papam,
1674 813 1749 875 {llige
1764 813 1831 875 Ιιέη
1852 813 1896 875 :Z

126 879 350 937 principes
381 886 424 919 et
451 876 644 935 prelatos
672 875 933 917 concordari
960 883 1003 917 et
1030 875 1162 917 statui
1197 874 1345 916 taliter
1373 874 1491 932 quod
1519 874 1618 932 qui-
1674 885 1751 911 tiens.

126 950 385 1007 buscunque
414 948 664 990 dicentibus
693 963 738 989 se
765 962 918 1005 passos
946 946 1128 1004 injurias
1158 945 1398 988 secundum
1427 945 1548 1003 leges
1576 953 1619 987 et

125 1020 468 1062 consuetudines
490 1034 727 1078 regnorum
749 1027 791 1060 et
813 1018 1058 1077 regionum,
1081 1033 1160 1076 per
1183 1017 1356 1075 judices
1378 1017 1423 1058 in
1445 1016 1508 1058 eis
1529 1024 1617 1059 sta-

122 1100 258 1141 tutos,
284 1100 326 1134 et
346 1091 422 1133 ubi
445 1091 596 1133 statuti
617 1106 706 1132 non
732 1098 849 1140 sunt,
875 1089 1159 1147 infrascripto
1186 1088 1316 1130 modo
1339 1088 1612 1138 statuendos,

124 1163 197 1205 fiat
212 1163 399 1205 celerius
422 1178 551 1220 quam
573 1162 750 1204 solitum
765 1169 831 1203 est
848 1161 1026 1219 justicie
1048 1160 1432 1218 complementum.
1459 1159 1615 1202 Nullus

123 1234 365 1276 catholicus
388 1242 539 1276 contra
553 1233 794 1275 catholicos
811 1241 957 1275 currat
973 1232 1026 1274 ad
1042 1248 1174 1282 arma,
1194 1231 1340 1273 nullus
1356 1231 1615 1290 sanguinem

123 1306 390 1364 baptizatum
421 1304 645 1356 effundat3
687 1305 939 1362 quicunque
978 1303 1168 1362 preliare
1203 1303 1416 1352 volentes,
1462 1310 1614 1344 contra

122 1377 225 1419 fidei
251 1377 490 1418 christiane
522 1376 740 1426 inimicos,
772 1377 906 1418 Terre
936 1377 1096 1418 Sancte
1126 1383 1464 1432 sanctorumque
1493 1374 1613 1416 loco—

121 1465 215 1490 rum
248 1448 440 1498 Domini,
473 1463 559 1489 non
592 1455 743 1489 contra
775 1447 948 1497 fratres,
985 1447 1260 1488 occasionem
1295 1445 1536 1504 corporalis
1571 1454 1613 1487 et

121 1519 362 1578 spiritualis
384 1518 647 1577 perditionis
669 1518 912 1576 querendo,
945 1517 1118 1560 studeat
1144 1517 1349 1576 preliare.

176 1662 227 1707 4.
264 1662 526 1720 Quicunque
561 1670 703 1705 autem
731 1662 882 1703 contra
917 1662 1000 1703 hoc
1034 1660 1209 1703 salubre
1239 1668 1449 1702 statutum
1477 1676 1610 1718 guer—
1631 1669 1881 1732 (ιιιέίιῑιὲιξηιὰεῖἐὲ-

1694 1714 1712 1738 g
1866 1716 1882 1733 X

118 1749 210 1775 ram
231 1741 381 1776 contra
404 1733 561 1775 fratres
584 1732 824 1774 catholicos
846 1749 1018 1775 movere
1039 1732 1407 1790 presumpserint,
1433 1748 1484 1773 eo
1512 1732 1608 1789 ipso
1663 1741 1883 1803 ἓὶιιίηέγορροεε-

118 1805 313 1846 omnium
335 1821 512 1846 suorum
541 1804 756 1846 bonorum
779 1804 1057 1846 amissionem
1078 1804 1321 1852 incurrant,
1347 1819 1444 1844 cum
1473 1803 1608 1844 omni·
1727 1797 1733 1803 ’

118 1876 200 1918 bus
227 1876 434 1918 auxilium
462 1876 523 1917 eis
552 1875 830 1925 facientibus,
861 1874 1116 1934 pugnando,
1147 1874 1367 1923 victualia,
1398 1890 1517 1915 arma
1542 1874 1609 1915 vel

118 1947 199 1988 alia
222 1947 495 1988 neccessaria
521 1947 607 1988 vite
634 1946 700 1988 vel
723 1962 870 2004 pugne
898 1946 1263 2004 qualitercunque
1285 1945 1575 1987 ministrando
1598 1963 1607 1996 ;

119 2018 378 2076 superstites
400 2033 567 2066 eorum,
592 2026 693 2075 post
707 2033 911 2076 guerram
933 2017 1114 2067 finitam,
1140 2019 1441 2075 cujuscunque
1463 2016 1607 2066 etatis,

120 2088 386 2131 conditionis
409 2097 451 2130 et
473 2104 616 2138 sexus,
642 2104 664 2130 a
685 2089 815 2130 terris
837 2097 880 2130 et
895 2089 1252 2147 possessionibus
1268 2096 1484 2146 perpetuo
1506 2087 1611 2129 fiant

119 2160 284 2209 exules,
316 2168 359 2201 et
390 2159 585 2201 totaliter
614 2158 733 2201 cum¹
763 2176 914 2202 eorum
945 2176 1207 2218 quacunque
1235 2160 1493 2218 posteritate
1522 2160 1610 2217 pri-

120 2232 221 2281 vati,
249 2232 291 2272 in
319 2233 499 2273 Terram
529 2232 734 2273 Sanctam
755 2231 1053 2289 populandam
1075 2232 1303 2273 mittantur
1322 2249 1331 2281 3
1363 2231 1416 2272 de
1439 2231 1567 2272 bonis
1589 2246 1609 2272 a

121 2303 283 2361 quibus
311 2310 440 2344 erunt
467 2302 640 2360 privati,
666 2302 702 2344 si
723 2302 932 2344 obediant
954 2311 996 2344 et
1018 2303 1209 2344 libenter
1231 2301 1463 2344 intendant
1491 2302 1545 2343 ad
1566 2318 1611 2343 sc

120 2373 476 2416 transferendum
517 2373 560 2414 in
602 2374 807 2416 Sanctam
848 2376 1043 2424 Terram,
1086 2373 1283 2416 tradatur
1329 2373 1391 2415 eis
1435 2389 1611 2430 compe-

119 2453 280 2494 tenter,
311 2461 392 2502 pro
411 2444 541 2486 modo
568 2444 864 2502 impensarum
893 2461 940 2487 ac
967 2445 1051 2487 iter
1077 2445 1378 2504 peragendum
1407 2444 1612 2502 quatinus

122 2524 206 2558 erit
228 2531 566 2558 neccessarium.

184 2587 256 2630 Sic
285 2603 390 2645 ergo
417 2602 620 2645 guerram
648 2594 886 2637 moventes,
911 2588 1143 2629 consilium
1165 2595 1207 2629 et
1228 2603 1356 2645 opem
1384 2587 1446 2629 eis
1476 2586 1611 2645 quali-

121 2667 366 2716 tercunque
394 2658 583 2700 scienter
605 2665 868 2715 prestantes,
893 2674 991 2701 cum
1013 2659 1075 2702 eis
1103 2659 1492 2708 communicantes,
1522 2658 1612 2700 vic-

174 2814 208 2848 1.
236 2812 438 2860 Bongars:
462 2817 561 2847 tunc.
