1942 3242
323 240 382 273 132
869 239 1050 274 PIERRE
1080 240 1273 274 DUBOIS.

321 331 534 389 premissa
562 339 605 373 et
635 331 718 373 alia
743 331 932 389 plurima
952 331 1104 373 mundi
1134 332 1264 390 hujus
1292 333 1581 391 expendenda
1607 335 1811 388 honesta,

320 418 533 460 perquam
554 402 693 454 utilia,
724 403 982 445 naturaliter
1010 419 1057 445 ac
1086 403 1385 446 verisimiliter
1417 405 1645 463 possibilia
1667 408 1814 450 consi-

321 474 480 516 derans
531 483 697 516 amator
748 474 900 516 salutis
951 475 1087 516 totius
1142 475 1387 533 reipublice
1442 477 1810 530 christicolarum,

320 561 504 604 eamque
534 546 714 604 proprie
753 545 883 588 saluti
915 554 959 588 et
990 545 1170 588 utilitati
1197 562 1467 604 preponens,
1499 556 1546 590 ut
1579 565 1632 591 ex
1663 549 1813 592 multis

320 617 409 660 suis
438 617 647 676 operibus
674 625 821 675 potest
852 617 1148 659 verisimiliter
1181 634 1408 676 apparere,
1440 619 1555 662 intra
1590 636 1636 662 se
1669 621 1813 664 confe-

320 687 458 730 rendo
481 697 523 730 et
544 688 864 739 ratiocinando,
895 705 974 747 per
1007 689 1120 731 hano
1154 689 1417 747 scripturam
1451 690 1643 733 breviter
1675 692 1814 735 voluit

320 759 556 818 explicare,
599 760 655 802 ob
694 759 884 819 predicti
932 760 1097 802 domini
1141 760 1258 819 regis
1296 761 1633 814 sollicitudines,
1681 773 1813 822 prout

318 840 480 890 potest,
511 831 806 890 prolixitatem
839 831 1032 882 vitando,
1079 832 1270 874 breviter
1301 832 1355 874 ad
1387 849 1571 891 presens
1615 835 1811 878 scribere

317 903 455 945 voluit
476 911 519 945 et
539 904 728 962 probare
757 911 907 945 contra
930 903 1173 945 renitentes
1207 903 1260 946 de
1283 904 1513 962 probando
1535 905 1808 963 plenissime,

318 975 606 1033 protestando
633 974 839 1017 videlicet
854 974 973 1033 quod
998 975 1201 1017 dominus
1216 991 1293 1017 rex
1314 975 1367 1017 de
1380 975 1497 1018 facili
1518 985 1665 1035 potest
1685 994 1811 1020 suum

318 1046 642 1088 nobilissimum
669 1045 807 1088 filium
828 1046 1223 1105 secundogenitum
1252 1047 1471 1090 honorare
1498 1055 1541 1089 et
1568 1064 1647 1106 pre
1674 1049 1810 1091 omni-

319 1118 400 1160 bus
426 1118 674 1160 viventibus
707 1117 866 1159 dittare
901 1117 995 1160 sine
1029 1119 1285 1176 cujusquam
1313 1118 1490 1176 injuria,
1526 1119 1807 1173 declinando,

317 1198 449 1248 prout
493 1197 669 1248 oportet
710 1189 755 1230 in
800 1189 1004 1231 omnibus
1059 1189 1242 1248 agendis
1287 1189 1445 1240 facere,
1501 1191 1810 1250 quodcumque

265 1285 269 1286 ν
318 1261 501 1303 mortale
522 1269 766 1319 peccatum.

49 1414 69 1441 C
76 1423 91 1441 e
98 1423 110 1441 s
118 1424 130 1441 s
138 1414 168 1442 io
179 1424 195 1442 n
238 1416 255 1443 (1
263 1426 276 1443 8
284 1426 297 1443 ει

81 1450 163 1477 droits
171 1451 296 1479 ducomte

83 1486 150 1513 d'Eu
160 1496 206 1513 sur
217 1488 241 1514 18
255 1498 297 1515 1-0-

81 1532 179 1558 yaume
187 1523 294 1551 d’Acre.
319 1549 325 1555 .

377 1403 425 1449 2.
463 1404 643 1446 Certum
687 1411 754 1444 est
797 1401 916 1460 quod
962 1401 1226 1460 jampridem
1267 1401 1434 1444 vacavit
1466 1417 1651 1460 regnum
1685 1402 1809 1445 Acon

318 1483 521 1534 spectans
544 1474 598 1516 ad
619 1474 822 1516 comitem
850 1472 1003 1531 Augi¹.
1036 1473 1122 1527 Qui
1146 1488 1290 1515 comes
1320 1481 1363 1514 et
1390 1474 1483 1530 ejus
1506 1481 1808 1516 antecessores

311 1563 401 1605 Jam
422 1563 501 1605 per
523 1546 657 1588 multa
688 1554 887 1603 tempora
921 1560 1106 1602 regnum
1133 1543 1387 1602 hujusmodi
1414 1559 1568 1603 regere
1601 1545 1808 1603 neglexe-

316 1627 433 1670 runt,
458 1626 500 1660 et
529 1618 585 1660 ob
611 1618 695 1659 hoc
735 1615 1057 1659 commoditatis
1090 1617 1184 1673 ejus
1213 1617 1284 1674 jus
1319 1615 1538 1658 dimisisse
1581 1615 1803 1658 dicuntur.

316 1690 404 1733 Sed
425 1698 472 1732 ut
500 1698 642 1731 cesset
664 1704 792 1730 omne
823 1687 923 1730 mali
960 1686 1230 1745 scrupulum,
1262 1702 1338 1729 rex
1373 1687 1536 1745 poterit
1574 1703 1598 1729 a
1631 1687 1803 1738 comite,

314 1762 389 1820 qui
412 1762 495 1803 sibi
517 1777 606 1802 non
629 1760 823 1819 negabit,
847 1767 998 1817 petere
1035 1758 1153 1816 quod
1175 1759 1262 1816 juS,
1300 1758 1336 1799 si
1358 1757 1477 1816 quod
1510 1758 1656 1808 habet,
1689 1758 1807 1817 quod

313 1850 401 1875 non
424 1833 633 1883 creditur,
659 1848 736 1873 suo
758 1839 860 1873 nato
880 1830 1021 1880 cedat,
1060 1838 1118 1880 et,
1149 1846 1200 1871 eo
1234 1845 1373 1880 cesso,
1399 1846 1524 1871 suum
1558 1829 1694 1871 filium
1727 1846 1807 1888 per

311 1922 467 1963 papam
513 1904 641 1946 saciat
680 1919 828 1962 regem
875 1902 981 1961 ungi
1025 1910 1068 1944 et
1112 1902 1328 1951 coronari,
1373 1900 1512 1952 Acon,
1558 1901 1800 1951 Babilonis,

311 1977 476 2036 Egipti,
520 1985 562 2018 et
605 1975 874 2018 Assiriorum
919 1989 1057 2032 regno
1103 1972 1187 2015 sibi
1236 1980 1403 2015 secrete
1449 1988 1676 2023 concesso,
1718 1973 1803 2015 nisi

309 2049 517 2091 soldanus
537 2047 642 2090 velit
662 2046 843 2105 pacifice
856 2048 1036 2088 Terram
1054 2046 1258 2087 Sanctam
1270 2044 1503 2086 restituere
1518 2052 1561 2086 et
1582 2043 1803 2086 dimittere

308 2120 493 2163 ecclesie
523 2133 701 2162 romane
741 2126 784 2159 et
824 2119 896 2175 jus
933 2116 1199 2159 habentibus
1235 2115 1279 2157 in
1317 2115 1483 2166 eadem,
1527 2131 1624 2157 cum
1656 2115 1801 2158 valore

308 2192 501 2235 omnium
529 2191 750 2233 fructuum
771 2197 813 2231 et
840 2196 1132 2248 proventuum
1160 2203 1270 2246 quos
1298 2187 1454 2229 levavit
1487 2195 1640 2229 contra
1670 2187 1800 2245 justi·

308 2265 418 2307 ciam
440 2263 493 2306 de
518 2263 686 2306 eadem.
768 2307 776 2312 ‚

368 2336 460 2378 Hiis
489 2336 635 2393 itaque
664 2334 804 2383 factis,
837 2348 912 2374 seu
944 2330 1063 2390 quod
1083 2330 1188 2372 fiant
1209 2330 1467 2388 suppositis,
1491 2337 1611 2388 petat
1631 2337 1675 2371 et
1695 2344 1798 2387 pro-

307 2415 430 2450 curet
466 2406 669 2449 dominus
697 2421 773 2447 rex
817 2402 1023 2463 generale
1058 2401 1293 2444 concilium
1319 2401 1579 2459 ¹principum
1619 2399 1798 2443 catholi-

354 2564 387 2595 1.
418 2574 436 2594 «
466 2559 584 2594 Raoul
606 2559 650 2592 de
681 2558 857 2596 Brienne‚
883 2561 1002 2590 comte
1025 2555 1131 2595 d'Eu‚
1156 2553 1380 2588 corinetable
1409 2554 1453 2587 de
1479 2554 1632 2593 France,
1659 2552 1796 2586 n'avait

306 2621 425 2642 aucun
449 2608 550 2641 droit
571 2608 587 2640 a
612 2606 646 2640 la
668 2617 860 2639 couronne
883 2604 927 2636 de
962 2603 1174 2637 Jerusalem
1210 2602 1246 2635 ni
1280 2602 1299 2635 a
1320 2602 1411 2635 celle
1434 2602 1479 2634 (18
1501 2601 1666 2646 Chypre.
1690 2599 1794 2633 Dans

306 2657 445 2689 l'ordre
460 2656 526 2688 des
539 2653 841 2688 revendications
855 2651 1099 2690 fantaisistes‚
1118 2651 1143 2683 il
1160 2648 1280 2684 aurait
1296 2661 1345 2695 pu
1360 2649 1536 2695 indiquer
1551 2660 1621 2681 une
1638 2647 1794 2692 parente

305 2703 476 2748 eloiguee
499 2714 586 2736 avec
605 2701 723 2734 Mario
742 2701 787 2734 de
810 2699 1017 2744 Lusignan,
1043 2710 1142 2731 soeur
1163 2697 1318 2731 d'Henri
1335 2697 1393 2735 lev,
1412 2696 1544 2729 femme
1561 2695 1605 2728 de
1622 2694 1791 2734 Gautier,

306 2747 424 2784 comte
448 2751 491 2783 (18
514 2750 677 2782 Brienne
699 2754 735 2781 et
755 2748 800 2782 de
821 2747 928 2786 Jassa,
952 2752 988 2779 et
1008 2758 1128 2779 neven
1150 2746 1195 2778 (18
1215 2744 1308 2778 Jeau
1331 2745 1376 2777 de
1396 2743 1572 2782 Brienne,
1592 2742 1649 2775 roi
1671 2743 1716 2775 de
1735 2742 1794 2775 Je-

305 2799 468 2832 rusalem
491 2811 508 2829 »
530 2797 580 2843 (J,
605 2795 787 2830 Delaville
808 2795 839 2828 lc
863 2793 995 2833 Rom,
1020 2794 1071 2827 La
1094 2794 1234 2827 France
1255 2804 1295 2825 en
1327 2790 1452 2825 Orient
1473 2802 1522 2825 au
1546 2790 1648 2825 XIVe
1670 2788 1791 2830 siecle,

306 2859 341 2892 p.
365 2846 438 2891 54).
