1942 3242
354 239 393 270 36
900 235 1081 269 PIERRE
1111 236 1303 269 DUBOIS.

354 337 397 370 et
423 328 649 387 perspexit
675 335 798 369 actor
817 327 949 385 hujus
971 327 1135 385 operi5‚
1159 327 1319 385 prelati
1338 327 1615 386 perpendere
1636 336 1846 386 poterunt

353 416 432 459 per
461 400 579 442 hunc
624 399 802 441 modum
834 399 924 440 suis
955 398 1101 441 bursis
1141 414 1347 458 magnum
1387 415 1638 441 accrescere
1674 400 1845 442 lucrum

355 471 473 530 quod
502 471 607 513 alias
629 487 717 513 non
744 471 975 512 haberent.
1000 471 1163 512 Tamen
1186 470 1242 511 ob
1265 470 1349 512 hoc
1369 478 1413 513 et
1434 487 1568 529 super
1587 471 1671 513 hoc
1699 471 1841 521 multi,

354 543 565 586 suadente
595 543 802 593 sathana,
833 541 1169 583 murmurabunt
1194 541 1369 592 variosi,
1401 542 1572 584 colores
1599 542 1845 585 rethoricos

354 615 550 673 aliosque
573 614 839 672 sophisticos
853 622 1090 671 querentes
1112 613 1317 671 nequiter
1337 613 1544 656 obviandi
1563 631 1572 666 ;
1595 622 1748 656 contra
1760 629 1845 672 que

352 703 430 744 per
446 702 566 728 suam
587 685 779 745 graciam
796 701 994 744 pugnare
1017 685 1120 727 velit
1141 685 1373 743 quiomnia
1395 685 1515 728 novit
1537 686 1591 727 ab
1613 693 1782 727 eterno.

412 759 496 800 Per
540 758 654 799 hanc
699 756 994 815 provisionem
1034 755 1221 798 sufficiet
1259 756 1480 815 aliquibus
1520 756 1702 815 prelatis
1742 756 1846 798 dare

323 830 481 871 -robas
524 837 712 888 quatuor
750 827 1011 879 domicellis,
1057 828 1133 886 qui
1167 828 1324 886 viginti
1362 828 1430 870 vel
1470 828 1672 887 pluribus
1718 829 1846 871 robas

87 1416 243 1445 Excellence
251 1414 285 1443 de
291 1426 336 1444 ces

150 1462 280 1480 mesures.

353 918 450 943 cum
478 901 626 942 multis
654 900 749 942 aliis
777 900 990 958 impensis
1017 898 1121 941 dare
1143 907 1479 942 consueverunt.

415 975 558 1031 Super
579 973 660 1014 hac
686 971 939 1030 provisione
961 970 1186 1013 debebunt
1207 971 1333 1014 multi
1360 970 1443 1014 fori
1471 971 1682 1014 secularis
1714 971 1846 1014 advo—

354 1046 454 1095 cati,
486 1044 645 1102 quibus
673 1043 937 1102 patrimonia
971 1043 1052 1085 sub
1083 1059 1226 1085 annua
1251 1043 1465 1101 pensione
1496 1043 1664 1085 tenturi
1689 1043 1848 1101 prelati

355 1124 564 1159 consueta
586 1115 742 1158 salaria
755 1123 798 1157 et
814 1115 898 1157 alia
918 1114 1129 1173 proficua,
1155 1130 1239 1172 que
1261 1114 1588 1173 multiphariam
1610 1114 1847 1173 multisque

355 1188 496 1230 modis
526 1196 614 1230 tam
642 1187 823 1230 directis
852 1202 982 1245 quam
1008 1186 1238 1228 indirectis
1265 1187 1428 1228 habere
1456 1186 1575 1228 soliti
1610 1194 1727 1237 sunt,
1759 1201 1847 1228 non

357 1260 619 1318 prestabunt
641 1260 744 1317 (sie).

416 1406 576 1457 [xxvll]
613 1400 700 1448 46.
725 1403 810 1444 Per
830 1400 943 1443 hanc
963 1399 1300 1459 provisionem¹,
1333 1400 1368 1442 si
1396 1399 1491 1442 fieri
1516 1400 1671 1451 valeat,
1697 1415 1847 1458 respu-

356 1475 472 1517 blica
510 1475 645 1516 totius
685 1481 834 1515 sancte
865 1472 1093 1531 religionis
1127 1472 1479 1514 christicolarum
1515 1472 1560 1514 in
1597 1487 1675 1514 sua
1701 1472 1847 1514 inten-

357 1547 477 1589 tione
499 1546 630 1588 finem
651 1541 784 1587 unum
813 1544 898 1586 sibi
928 1544 1130 1603 prefigct,
1162 1543 1285 1586 illum
1314 1552 1484 1602 queret,
1517 1559 1667 1585 omnes
1689 1559 1847 1602 opera-

356 1619 499 1660 tiones
528 1617 582 1659 ad
608 1617 731 1659 illum
766 1616 941 1675 diriget,
979 1615 1203 1658 ordinabit
1233 1623 1276 1657 et
1309 1615 1530 1673 disponet,
1569 1614 1848 1657 dissonancia

356 1706 490 1748 opera
546 1688 784 1748 fugiend03
817 1687 980 1729 ,omnia
1036 1695 1166 1728 erunt
1208 1686 1408 1728 ordinata
1465 1686 1518 1728 ad
1567 1694 1848 1745 augmentum

356 1762 594 1803 christiane
630 1759 734 1801 fidei
770 1768 812 1801 et
848 1761 941 1817 ejus
975 1758 1284 1801 exaltationem
1322 1757 1572 1808 tendencia,
1608 1757 1727 1815 quod
1765 1757 1848 1799 erit

356 1833 516 1875 rationi
553 1847 809 1874 consonum.
853 1831 977 1881 Nam,
1016 1838 1064 1872 ut
1091 1829 1149 1871 ait
1182 1829 1507 1887 Philosophus:
1556 1829 1741 1871 Mandas
1784 1838 1847 1870 est

357 1921 481 1957 nnus,
523 1907 635 1946 sicut
673 1906 887 1945 exercitus
918 1911 981 1943 est
1020 1918 1159 1953 unu-33
1201 1909 1405 1943 censetur
1451 1909 1594 1943 autem
1629 1900 1846 1942 exercitus

359 1992 469 2018 unus
497 1976 663 2017 unitate
681 1973 987 2023 ordinationis,
1008 1973 1213 2031 quoniam
1228 1972 1327 2014 finis
1347 1989 1475 2030 quem
1493 1972 1654 2030 querit,
1679 1971 1848 2029 appetit

357 2056 398 2088 et
436 2047 626 2088 intendit
653 2046 741 2088 dux
780 2045 1012 2095 exercitus,
1048 2044 1231 2086 victoria
1268 2052 1357 2096 est3
1406 2060 1557 2086 omnes
1594 2051 1737 2085 autem
1771 2043 1847 2100 qui

358 2127 459 2160 sunt
486 2118 532 2159 in
559 2117 753 2159 exercitu
779 2117 891 2158 hanc
917 2115 1210 2157 intentionem
1237 2116 1401 2157 habere
1423 2124 1466 2157 et
1493 2115 1546 2157 ad
1572 2115 1689 2156 hunc
1716 2113 1846 2155 finem

356 2189 538 2231 tendere
572 2205 653 2246 pro
679 2188 784 2229 totis
818 2187 907 2229 suis
941 2187 1107 2228 viribus
1145 2187 1336 2238 debent3
1372 2186 1490 2244 quod
1526 2186 1562 2228 si
1599 2186 1672 2228 fiat
1717 2184 1846 2227 modo

357 2260 523 2311 debito,
552 2260 622 2302 vix
656 2267 728 2301 aut
756 2274 948 2316 unquam
980 2274 1002 2299 a
1035 2273 1113 2299 suo
1148 2258 1233 2299 fine
1266 2258 1495 2315 proposito
1522 2266 1564 2299 et
1600 2257 1846 2299 intentione

358 2331 692 2373 fraudabuntur.
727 2330 799 2372 Sic
838 2329 1026 2371 mundus
1067 2328 1199 2370 debet
1233 2345 1328 2370 esse
1363 2329 1590 2370 ordinatus
1627 2328 1671 2369 in
1711 2342 1845 2370 unum

356 2403 503 2453 finem,
534 2402 740 2444 videlicet
768 2416 1018 2459 supremum
1047 2399 1129 2441 ccli
1166 2408 1208 2441 et
1234 2407 1351 2441 terre
1383 2415 1617 2457 rerumque
1652 2399 1845 2440 omnium

358 2474 633 2516 conditorem
656 2491 664 2524 3
693 2473 812 2514 hunc
838 2472 968 2514 finem
995 2487 1146 2513 omnes
1169 2480 1374 2529 querunt,
1398 2479 1446 2513 ut
1473 2471 1531 2513 ait
1553 2470 1748 2519 Boetius,
1769 2469 1846 2512 sed

357 2546 481 2587 multi
521 2545 622 2586 mali
661 2545 744 2586 hoc
785 2543 948 2585 faciunt
993 2550 1206 2593 errantes,
1253 2543 1354 2600 quia
1400 2549 1590 2600 querunt
1624 2541 1766 2599 ipsum
1800 2541 1846 2583 in

405 2702 438 2734 1.
469 2699 575 2734 Cette
598 2710 746 2732 mesure
768 2697 943 2736 radicale,
969 2696 1201 2743 symetrique
1229 2697 1247 2730 a
1270 2696 1361 2730 celle
1392 2696 1456 2743 qui
1479 2701 1537 2730 est
1560 2696 1845 2730 recommandee

356 2748 390 2792 (ἓ
411 2748 471 2792 40)
491 2760 537 2781 au
562 2748 658 2792 sujet
679 2747 728 2780 du
758 2745 981 2791 patrimoine
1013 2744 1218 2790 pontiflcal⁷
1238 2757 1284 2778 ne
1307 2744 1429 2778 s‘etait
1459 2744 1565 2789 point
1594 2755 1730 2778 encore
1757 2743 1845 2790 pre-

360 2797 488 2829 sentee
524 2796 542 2828 a
564 2794 710 2839 l’esprit
745 2795 789 2827 de
820 2792 967 2826 Dubois
999 2792 1123 2838 quand
1154 2792 1179 2825 il
1201 2792 1355 2826 e'crivait
1387 2792 1420 2825 le
1442 2793 1492 2825 De
1514 2791 1788 2837 abreviatione5
1819 2791 1844 2824 il

359 2842 392 2875 la
414 2843 675 2876 recommandc
697 2841 743 2875 ici
767 2853 862 2886 pour
883 2841 915 2873 la
939 2839 1122 2885 premiere
1141 2839 1227 2873 fois.
