1942 3242
406 227 465 259 DE
495 226 916 259 RECUPERATIONE
948 225 1110 258 TERRE
1143 226 1345 258 SANCTE.
1582 224 1619 256 11

127 332 214 358 non
242 325 536 375 prosequatur
567 316 653 358 cito
681 331 885 375 guerram
912 323 1065 358 contra
1091 315 1224 374 ipsas,
1256 314 1455 357 subsidio
1483 315 1618 356 Terre

129 389 289 431 Sancte
309 388 390 430 hec
412 396 454 430 et
476 388 559 430 alia
580 404 729 430 earum
750 388 866 429 bona
887 403 972 446 que
992 387 1245 445 ubicunque
1266 394 1477 444 poterunt
1498 401 1619 443 repe-

126 458 203 501 riri
226 459 370 501 statim
400 459 755 517 applicabuntur.

185 530 252 572 Ad
285 530 546 588 parendum,
582 530 837 588 quicunque
872 546 1152 587 possessores
1185 537 1228 570 et
1259 528 1500 578 debitores,
1539 529 1620 570 sub

125 617 237 660 pena
259 601 487 644 amittendi
506 602 651 643 omnia
672 602 787 643 bona
805 617 880 643 sua
902 601 947 643 in
968 601 1084 643 idem
1105 609 1148 642 et
1164 600 1217 642 ad
1238 599 1354 642 idem
1373 599 1621 642 subsidium

124 672 402 731 applicanda,
437 672 758 731 compellentur
792 688 871 730 per
906 671 1055 714 sedem
1089 671 1375 730 apostolicam
1410 679 1452 713 et
1486 687 1619 729 quos-

125 759 299 802 cunque
320 744 545 802 principes
567 744 611 786 in
629 760 816 802 quorum
827 743 959 785 terris
981 744 1063 785 hec
1082 743 1320 801 contigerit
1341 742 1615 800 attemptari3

125 816 199 873 qui
233 815 475 874 principes,
512 815 548 857 si
582 831 715 873 super
750 815 835 856 hoc
874 814 1152 874 negligentes
1190 814 1369 863 fuerint,
1407 830 1459 855 ex
1495 821 1618 872 parte

124 887 424 945 procuratoris
452 886 638 929 subsidii
665 886 855 945 predicti
875 885 1145 928 sufficienter
1167 885 1385 943 requisiti,
1417 885 1618 926 similiter

124 958 348 1016 patientur
374 958 726 1000 commissionem
749 966 792 1000 et
820 957 1179 1000 confiscationem
1201 973 1379 999 suorum
1400 957 1617 999 bonorum

124 1029 318 1072 omnium
340 1029 394 1071 ad
414 1029 528 1072 idem
552 1029 797 1072 subsidium
819 1028 1197 1088 applicandorum.

182 1175 280 1225 [vn]
320 1171 400 1216 12.
428 1171 516 1214 Sed
547 1188 643 1214 cum
671 1172 753 1214 iste
784 1171 980 1214 civitates
1013 1180 1056 1213 et
1082 1172 1207 1213 multi
1236 1171 1462 1230 principes
1492 1187 1616 1228 supe-

124 1242 262 1285 riores
289 1243 334 1285 in
360 1244 492 1285 terris
515 1259 603 1286 non
629 1252 1017 1303 recognoscentes,
1043 1243 1118 1302 qui
1134 1243 1358 1301 justiciam
1379 1242 1541 1285 faciant
1563 1242 1616 1284 de

123 1314 231 1372 ipsis
258 1315 500 1357 secundum
528 1315 649 1374 leges
675 1324 718 1358 et
745 1315 1090 1357 consuetudines
1116 1315 1330 1365 locorum,
1361 1323 1617 1356 controver-

124 1386 209 1428 sias
231 1402 405 1428 movere
419 1387 674 1444 captabunt,
690 1403 835 1429 coram
853 1387 1013 1445 quibus
1029 1386 1273 1444 procedent
1293 1395 1335 1428 et
1351 1386 1619 1445 litigabunt?

124 1457 401 1515 Responderi
421 1466 567 1516 potest
588 1458 706 1516 quod
728 1458 963 1500 concilium
985 1466 1147 1500 statuat
1174 1459 1363 1500 arbitros
1385 1457 1618 1517 religiosos

123 1536 196 1571 aut
219 1528 326 1571 alios
347 1529 593 1588 eligendos,
617 1530 734 1572 viros
750 1529 993 1588 prudentes
1009 1538 1052 1571 et
1068 1538 1272 1588 expertos
1289 1545 1338 1572 ac
1354 1529 1522 1580 fideles,
1543 1530 1618 1587 qui

117 1601 253 1658 jurati
280 1609 370 1642 tres
388 1601 561 1659 judices
588 1601 781 1659 prelatos
814 1609 857 1643 et
882 1609 973 1643 tres
1002 1601 1110 1643 alios
1137 1617 1219 1660 pro
1252 1609 1437 1660 utraque
1474 1609 1614 1659 parte,

123 1672 382 1731 locupletes,
408 1681 451 1714 et
475 1673 586 1715 tales
614 1673 733 1731 quod
760 1673 816 1715 sit
840 1673 1077 1715 verisimile
1106 1673 1225 1731 ipsos
1251 1689 1340 1715 non
1366 1689 1497 1732 posse
1526 1689 1618 1715 cor-

122 1743 266 1802 rumpi
301 1759 463 1795 amore,
494 1744 613 1795 odio,
642 1745 815 1795 timore,
858 1745 1239 1803 concupiscencia,
1279 1745 1347 1787 vel
1385 1745 1505 1795 alias,
1544 1745 1619 1803 qui

123 1816 436 1857 convenientes
458 1815 502 1857 in
522 1816 618 1858 loco
641 1816 694 1858 ad
714 1817 798 1858 hoc
824 1816 1000 1874 aptiori,
1022 1816 1158 1874 jurati
1180 1816 1473 1866 strictissime,
1506 1816 1618 1858 datis

123 1895 356 1945 antequam
391 1888 653 1930 conveniant
691 1888 888 1930 articulis
927 1888 1191 1946 petitionum
1228 1896 1271 1929 ct
1311 1888 1618 1930 defensionum

123 1958 410 2017 singularum,
436 1959 668 2001 summarie
690 1967 733 2000 et
753 1959 807 2001 de
828 1959 976 2017 plano,
1007 1959 1184 2016 rejectis
1212 1959 1354 2018 primo
1383 1959 1617 2018 superfluis

123 2037 167 2071 et
187 2029 366 2087 ineptiS,
384 2037 519 2071 testes
542 2038 585 2071 et
606 2030 897 2072 instrumenta
912 2030 1143 2089 recipiant,
1163 2030 1501 2089 diligentissime
1523 2047 1617 2073 exa-

125 2100 306 2142 minent.
333 2100 582 2158 Cujuslibet
607 2102 734 2144 testis
762 2102 1024 2144 examinatio
1052 2118 1132 2160 per
1159 2101 1268 2144 duos
1297 2102 1350 2144 ad
1378 2103 1521 2144 minus
1546 2105 1617 2160 ju-

124 2180 240 2214 ratos
269 2171 420 2214 fideles
442 2181 484 2214 et
504 2172 746 2230 prudentes
769 2173 970 2215 audiatur
990 2191 998 2225 3
1024 2174 1274 2215 scribantur
1297 2174 1613 2232 depositiones,

124 2251 166 2285 et
194 2259 272 2301 per
296 2243 469 2301 judices
498 2244 774 2286 strictissime
802 2244 1122 2295 custodiantur,
1154 2261 1208 2287 ne
1236 2245 1353 2287 fraus
1382 2254 1424 2287 et
1452 2245 1617 2287 salsitas

124 2315 296 2372 possint
318 2315 600 2357 intervenire.

185 2386 258 2429 Sic
299 2386 561 2428 conveniant
590 2387 763 2444 judices
803 2387 857 2429 ad
885 2388 1106 2446 impensas
1140 2389 1386 2430 moderatas
1427 2389 1615 2447 partium

126 2457 379 2507 solvendas,
398 2458 603 2515 quatinus
625 2458 723 2515 plus
748 2459 1006 2517 impendent
1027 2476 1155 2518 quam
1178 2468 1325 2501 essent
1348 2460 1392 2501 in
1421 2460 1509 2502 suis
1539 2460 1618 2501 do-

126 2528 268 2570 mibus
288 2529 584 2570 verisimiliter
602 2530 857 2587 impensuri.
885 2530 951 2571 Ad
969 2530 1271 2588 judicandum,
1298 2531 1333 2572 si
1355 2531 1614 2589 expedierit,

125 2615 369 2641 assessores
386 2600 575 2641 habeant
597 2601 837 2642 secundum
854 2617 1004 2642 eorum
1022 2602 1320 2643 consciencias
1338 2602 1617 2644 fidelissimos

126 2686 174 2712 ac
202 2671 493 2728 peritissimos
516 2671 558 2712 in
582 2671 678 2729 lege
698 2671 844 2714 divina
871 2680 913 2714 ct
935 2673 1143 2714 canonica
1168 2681 1210 2714 et
1231 2673 1362 2714 civili.

187 2742 234 2784 Si
261 2742 394 2784 altera
419 2759 520 2800 pars
548 2742 601 2784 de
624 2743 820 2800 ipsorum
849 2744 1073 2786 sentencia
1097 2760 1183 2785 non
1208 2744 1262 2785 sit
1284 2753 1505 2793 contenta,
1532 2744 1616 2802 ipsi

122 2812 294 2871 judices
325 2829 405 2874 pro
436 2813 553 2857 omni
586 2813 660 2857 lite
694 2830 927 2875 processus
955 2831 1053 2858 cum
1086 2815 1324 2861 sentenciis
1356 2816 1530 2860 mittant
1563 2815 1615 2858 ad

1638 1180 1724 1215 Projet
1732 1179 1892 1215 d'arbiuage

1663 1215 1859 1243 internationnl.
