1942 3242
450 211 507 242 DE
540 210 956 242 RECUPERATIONE
991 210 1154 241 TERRE
1189 209 1391 241 SANGTE.
1623 210 1661 242 23

171 298 271 340 liter
297 299 397 357 plus
425 307 708 341 remunerant
734 299 846 357 legis
878 300 1067 341 humane
1096 314 1224 357 quam
1253 298 1398 340 divine
1430 307 1656 356 patronos,

171 370 394 413 ministros
415 379 458 413 et
474 371 647 429 judices
666 389 675 423 ;
707 371 895 429 qualiter
915 371 1001 429 ipsi
1021 387 1119 412 suas
1142 386 1325 428 sponsas
1347 370 1569 412 dimittant
1589 371 1660 412 de·

170 441 345 492 solatas,
369 450 418 484 ut
438 442 483 484 in
510 442 713 485 domibus
741 451 783 484 et
810 442 1039 484 auditoriis
1067 458 1220 501 regum
1247 442 1464 492 habitent,
1495 450 1542 484 ut
1570 442 1659 484 dis-

169 513 466 572 ceptationum
490 514 730 556 forensium
751 514 962 572 periciam
988 521 1031 555 et
1049 513 1373 572 experienciam
1396 513 1656 571 adquirant3

169 585 358 643 qualiter
377 585 810 644 scholaresjuvenes,
830 585 940 627 ritus
956 593 999 626 et
1013 593 1137 644 gesta
1152 584 1421 643 prelatorum
1440 584 1656 635 videntes,

169 656 357 699 desertis
373 657 429 698 ob
447 657 531 698 hoc
551 657 834 715 philosophie
855 656 1056 716 legisque
1078 656 1223 698 divine
1239 655 1412 706 studiis,
1432 655 1660 698 confluunt

169 729 294 786 quasi
330 744 481 770 omnes
521 727 575 770 ad
611 728 754 770 studia
791 728 937 787 legum
974 727 1181 778 civilium,
1219 728 1264 769 in
1295 727 1357 769 eis
1392 736 1434 769 et
1467 743 1546 786 per
1586 743 1658 769 eas

169 808 405 858 querentes
426 816 514 843 non
534 800 674 842 solum
688 800 869 859 pinguia
891 799 1120 850 beneficia,
1146 799 1224 842 sed
1237 800 1367 841 etiam
1389 800 1658 858 prelationes

169 874 356 929 majores
376 880 423 914 ut
446 872 605 914 multos
627 872 854 914 imitentur
882 872 957 930 qui
983 888 1064 930 per
1083 871 1336 930 hujusmodi
1358 871 1479 931 leges
1508 871 1657 913 civiles

169 951 212 985 et
241 958 390 986 earum
421 944 629 986 exercitia
655 945 842 1002 majores
863 943 1133 1002 prelationes
1155 951 1257 985 sunt
1288 942 1475 1001 adepti¹‚
1502 944 1658 986 Nonne

169 1015 252 1056 hoc
266 1014 354 1073 jam
373 1023 438 1057 est
458 1014 605 1058 taliter
627 1023 670 1057 et
691 1015 736 1057 in
763 1023 933 1057 tantum
961 1023 1198 1065 assuetum,
1231 1013 1350 1072 quod
1377 1014 1659 1072 philosophie

169 1085 369 1145 legisque
396 1086 542 1129 divine
570 1087 760 1129 sciencia
781 1087 825 1129 in
853 1087 1004 1145 paucis
1032 1095 1182 1144 preter
1208 1102 1335 1144 quam
1365 1086 1410 1128 in
1438 1085 1659 1145 religiosis

169 1158 390 1216 reperitur
411 1159 428 1200 Ρ

228 1230 384 1272 Nonne
430 1229 686 1288 frequenter
731 1230 830 1288 plus
875 1229 1138 1288 impendunt
1176 1229 1335 1287 prelati
1379 1245 1460 1287 per
1499 1244 1661 1271 annum

167 1309 350 1360 propter
380 1301 550 1343 modice
580 1302 644 1343 rei
671 1301 927 1360 temporalis
956 1301 1275 1350 defensionem,
1307 1301 1406 1358 plus
1434 1301 1479 1342 in
1507 1301 1591 1342 hoc
1619 1309 1662 1342 et

167 1373 224 1414 ob
246 1373 329 1415 hoc
358 1373 411 1414 de
440 1390 485 1415 se
507 1372 728 1423 laborant,
759 1389 888 1431 quam
910 1374 966 1415 ob
995 1373 1178 1415 salutem
1207 1373 1402 1414 omnium
1430 1372 1514 1414 sibi
1542 1388 1660 1414 com-

169 1445 396 1486 missarum
420 1445 698 1487 animarum?
725 1445 911 1498 Quando
938 1445 1174 1487 canonicus
1203 1444 1278 1502 qui
1306 1444 1540 1503 presbyter
1569 1452 1661 1486 erat

167 1516 214 1558 fit
241 1516 491 1574 episcopus,
523 1524 733 1575 quantum
761 1516 959 1558 videmus
987 1516 1132 1574 ipsum
1166 1515 1317 1557 litibus
1350 1515 1660 1573 temporalium

166 1587 484 1638 intendentem,
508 1588 608 1646 plus
635 1588 678 1629 in
701 1588 839 1630 salute
867 1588 1107 1630 animarum
1134 1587 1334 1629 laborare
1363 1603 1492 1644 quam
1519 1595 1618 1628 ante
1644 1587 1662 1628 P

166 1659 323 1702 Nonne
352 1659 526 1717 prelati,
563 1660 759 1718 exceptis
794 1659 946 1701 litibus
980 1659 1306 1717 temporalium,
1350 1658 1482 1717 longe
1522 1658 1660 1716 magis

166 1731 399 1789 quiescunt
420 1739 463 1773 et
484 1731 627 1773 minus
655 1731 872 1782 laborant,
900 1731 1127 1790 magisque
1149 1731 1299 1772 vivunt
1322 1729 1507 1771 delicate
1531 1746 1660 1787 quam

166 1801 238 1844 alii
279 1802 444 1852 clerici,
494 1811 537 1844 et
582 1819 710 1861 quam
746 1803 922 1860 ipsimet
967 1811 1066 1844 ante
1103 1802 1370 1860 prelationes
1416 1809 1660 1859 assumptas

166 1860 432 1916 faciebant?
484 1875 538 1916 Et
588 1874 690 1916 dum
736 1874 896 1932 prelati
945 1873 1185 1932 aliquando
1236 1874 1351 1915 bona
1409 1872 1656 1931 predicant,

166 1961 313 1987 nonne
346 1945 601 2003 frequenter
635 1946 780 1987 evenit
816 1945 935 2004 quod
970 1945 1200 1987 audientes
1240 1961 1314 1987 eos
1352 1945 1581 2002 increpare
1619 1952 1661 1986 et

215 2101 248 2132 1.
278 2098 488 2144 Comparez
506 2098 727 2133 ci-dessous
749 2101 838 2144 376,
862 2100 879 2133 a
898 2099 931 2133 la
948 2100 1010 2138 fin,
1035 2105 1071 2133 et
1087 2100 1120 2133 le
1142 2099 1323 2133 memoire
1345 2101 1394 2133 De
1409 2097 1662 2144 reformandis

167 2147 204 2181 in
223 2145 379 2180 ecclesia
404 2146 471 2180 Dei
503 2147 658 2180 adresse
682 2159 748 2192 par
770 2147 984 2181 Guillaume
1004 2148 1037 2181 le
1057 2147 1188 2186 Maire,
1220 2148 1361 2193 e'veque
1384 2147 1582 2191 d'Angers‚
1616 2158 1662 2179 en

168 2194 261 2227 avril
285 2195 385 2233 1312,
404 2206 449 2227 au
469 2194 612 2227 concile
634 2195 679 2228 de
695 2195 839 2228 Vienne
855 2195 972 2240 (Coll.
985 2195 1051 2228 des
1067 2194 1160 2228 Doc.
1174 2195 1326 2235 inediis,
1342 2193 1532 2239 Me'langes
1548 2193 1662 2227 histo·

167 2242 379 2289 riques,11
407 2241 502 2286 476);
523 2241 548 2275 il
571 2241 736 2287 exprime
760 2242 815 2275 les
831 2254 971 2276 memes
990 2242 1153 2287 plaintes
1176 2255 1219 2276 en
1244 2254 1283 2275 se
1305 2242 1485 2299 placant
1475 2255 1494 2274 a
1517 2253 1566 2274 un
1582 2246 1663 2274 tout

168 2295 274 2323 autre
303 2289 409 2334 point
432 2289 476 2322 de
499 2301 568 2322 vue
591 2295 627 2322 et
654 2290 770 2344 gemit
793 2290 859 2323 des
888 2302 1027 2323 memes
1053 2289 1148 2324 abus
1170 2302 1267 2335 pour
1288 2289 1319 2322 d'
1326 2294 1453 2322 autres
1478 2288 1628 2322 raisons
1654 2300 1660 2320 ε

173 2349 186 2368 α
203 2336 310 2370 Multi
325 2336 413 2370 boni
430 2337 568 2374 clerici,
587 2349 669 2370 cum
686 2338 761 2370 siut
777 2349 962 2383 pauperes
976 2349 1042 2370 nec
1059 2337 1272 2371 subsidium
1289 2336 1334 2370 ab
1348 2335 1507 2370 ecclesia
1523 2335 1663 2369 habere

168 2384 344 2418 valeant..
355 2384 428 2417 .ad
459 2384 581 2417 curias
612 2385 802 2418 seculzwes
830 2390 866 2418 ct
891 2385 1050 2418 consilia
1081 2385 1306 2440 principum,
1331 2385 1367 2417 in
1400 2395 1514 2428 grave
1544 2383 1665 2416 eccle-

171 2431 311 2465 siarum
333 2431 611 2470 detrimentum,
635 2444 673 2464 se
696 2432 902 2465 transferre
924 2438 1123 2477 coguntur
1148 2439 1184 2465 et
1208 2432 1271 2466 isti
1294 2437 1380 2465 suut
1402 2431 1465 2477 qui
1484 2430 1664 2463 eeclesias

170 2485 206 2512 et
221 2479 498 2513 ecclesiasticas
515 2478 722 2518 libertates,
741 2475 848 2525 quasi
864 2481 1067 2524 contempti
1087 2479 1133 2513 ab
1149 2480 1217 2518 eis,
1236 2479 1359 2513 acrius
1376 2485 1638 2524 persecuntur.
1645 2490 1663 2509 »

171 2525 229 2560 Cf.
243 2526 395 2560 Roberci
412 2525 909 2573 GrossetcsteEpistolae(ed.
923 2527 1062 2566 Luard
1076 2527 1261 2563 londres
1276 2528 1377 2565 1861,
1391 2526 1448 2559 in-
1433 2527 1502 2564 -80,
1516 2538 1552 2571 p.
1565 2525 1662 2569 205)

170 2593 214 2599 -
236 2573 447 2619 Comparez
469 2574 573 2607 aussi
603 2573 730 2619 Roger
750 2574 876 2608 Bacou
898 2574 1023 2621 (Opas
1045 2575 1206 2613 ter'tlum,
1237 2574 1296 2608 ed.
1320 2574 1485 2612 Brewer
1516 2586 1552 2618 p.
1577 2573 1661 2618 84):

172 2633 191 2653 «
213 2621 303 2655 Plus
325 2621 530 2655 laudatur
523 2634 559 2654 iu
582 2621 740 2655 ecclesia
764 2622 831 2655 Dei
858 2634 954 2655 unus
975 2622 1114 2666 jurista
1135 2622 1270 2660 civilis,
1300 2622 1387 2655 licet
1423 2621 1546 2654 solum
1570 2620 1665 2653 sciat

168 2667 231 2712 jus
253 2668 361 2702 civile
383 2669 588 2713 et1r110ret
605 2669 666 2713 jus
689 2669 909 2702 canonicum
931 2675 967 2702 et
980 2669 1222 2714 theologisz
1244 2681 1353 2715 quam
1372 2681 1467 2701 unus
1485 2668 1666 2713 magister

173 2715 210 2748 in
232 2716 436 2761 theologia
461 2722 496 2749 et
521 2716 631 2749 citius
654 2716 807 2760 eligitur
831 2717 877 2750 ad
899 2716 1178 2750 ecclesiasticas
1205 2716 1411 2761 dignitates
1433 2729 1466 2749 ι).
1491 2715 1665 2760 l'hilippe

174 2762 207 2796 le
228 2763 295 2797 Bel
317 2764 497 2810 comptait
519 2764 712 2810 plusieurs
737 2775 901 2811 eveques
929 2764 1050 2811 parmi
1078 2765 1132 2799 les
1159 2764 1277 2798 clercs
1305 2763 1482 2811 palatius,
1510 2775 1572 2797 ses
1594 2762 1663 2797 mi-

174 2810 330 2846 uisu-es.
