1942 3242
61 1409 188 1444 Exemple
207 1409 257 1436 tire
275 1408 307 1435 de

96 1445 122 1472 la
136 1446 178 1472 vie
193 1444 226 1471 de
240 1444 310 1471 saint

96 1481 229 1516 Angustia
274 1481 308 1507 de

96 1517 271 1553 Cantorbery.

325 236 365 269 40
654 230 663 239 '
869 240 1054 272 PIERRE
1084 241 1276 274 nuncls.

324 326 467 369 trihus
489 327 632 370 editus
660 345 739 387 per
766 329 847 371 hec
867 329 1033 387 jverba:
1064 331 1162 375 Non
1189 332 1309 374 debet
1337 333 1672 392 reprehensibile
1691 336 1813 393 judi-

324 404 421 440 cari
451 402 492 441 si
520 401 758 442 seeundum
800 405 1051 444 varietatem
1089 413 1326 461 temporum
1357 414 1520 447 statuta
1555 407 1816 466 quandoque

326 476 562 514 variantur
599 471 829 526 kumana;
861 489 963 515 nam
993 484 1034 516 et
1060 478 1149 532 ipse
1184 476 1298 517 Deus
1335 492 1465 534 super
1496 477 1579 518 hiis
1619 494 1699 536 que
1722 487 1816 520 sta-

327 551 475 584 tuerat
501 545 545 584 in
579 543 722 585 Veteri
763 545 1029 587 Testamento
1066 547 1206 589 multa
1243 550 1429 590 mutavit
1464 550 1508 589 in
1549 549 1684 592 Novo.
1724 550 1816 591 Hoc

327 612 436 655 dicit
472 614 624 673 regula
646 615 759 672 juris
794 615 936 658 civilis
964 616 1051 658 sic:
1086 617 1237 660 Omnis
1263 618 1468 677 diffinitio
1505 622 1549 661 in
1566 622 1677 677 jure
1702 621 1820 664 civili

322 685 572 742 periculosa
604 696 668 728 est
679 702 696 739 ,·
733 703 894 744 parum
938 698 1002 730 est
1033 691 1144 730 enim
1180 690 1298 748 quod
1324 690 1520 733 subverti
1542 707 1628 732 non
1661 697 1813 749 possit.

328 757 382 797 Et
402 756 484 798 alia
506 757 657 815 regula
679 757 813 800 dicit:
847 759 897 800 In
920 769 1008 801 toto
1032 762 1141 817 jure
1169 770 1319 802 nostro
1343 765 1499 819 generi
1521 778 1604 820 per
1634 766 1816 820 speciem

326 828 581 886 derogatur.
622 829 749 871 Unde
780 829 851 871 hic
888 829 987 880 fuit,
1022 839 1087 872 est
1130 839 1173 873 et
1203 847 1300 874 esse
1343 831 1474 874 debet
1510 833 1664 876 modus
1699 834 1819 894 leges

327 898 569 940 condendi:
595 899 707 942 facta
728 900 825 959 lege
853 902 1050 960 generali
1071 910 1254 960 propter
1270 903 1505 946 utilitatem
1525 920 1815 956 communem,

327 970 363 1011 si
384 979 592 1028 appareat
612 971 730 1013 illam
753 972 894 1031 legem
916 973 1131 1015 servando
1158 974 1201 1015 in
1225 991 1327 1016 casu
1355 975 1535 1033 speciali
1558 977 1639 1018 sub
1668 976 1819 1035 regula

327 1051 536 1084 contento
567 1043 692 1100 sequi
714 1043 871 1085 durum
893 1044 1087 1102 aliquod,
1119 1046 1357 1088 absurdum
1379 1042 1445 1088 vel
1468 1047 1682 1105 iniquum,
1713 1064 1819 1090 con-

327 1114 468 1155 suevit
489 1123 532 1156 et
553 1114 685 1156 debet
707 1115 751 1156 in
773 1115 849 1157 illo
873 1131 991 1167 casu,
1013 1133 1068 1158 ne
1090 1125 1299 1175 sequatur
1321 1118 1634 1161 inconveniens
1650 1136 1703 1161 cx
1722 1119 1819 1179 lege

327 1185 538 1244 generali,
587 1186 837 1244 specialiter
877 1188 1144 1230 contrarium
1184 1189 1350 1241 statui3
1381 1189 1500 1247 quod
1539 1190 1715 1241 dicitur,
1747 1192 1819 1249 jus

328 1256 517 1314 speciale
550 1257 596 1298 in
635 1274 713 1299 suo
749 1273 850 1300 casu
882 1267 924 1300 et
956 1260 1158 1301 terminis
1192 1260 1469 1311 servandum,
1500 1270 1683 1320 propter
1719 1278 1820 1320 spe-

329 1328 482 1369 cialem
504 1326 718 1370 rationem
732 1329 1051 1389 derogansjuri
1072 1331 1339 1390 generaliter
1351 1332 1645 1392 promulgato,
1664 1334 1820 1376 Nonne

329 1408 504 1441 sanctus
532 1400 821 1459 Augustinus,
847 1401 1001 1444 doctor
1029 1402 1288 1462 Anglorum,
1315 1404 1481 1454 statuit,
1513 1413 1559 1446 ut
1588 1405 1630 1446 in
1653 1421 1820 1447 canone

330 1487 407 1512 suo
440 1471 617 1530 legitur,
655 1489 700 1513 se
735 1472 902 1514 nullum
937 1473 1146 1516 clericum
1179 1474 1384 1517 ordinare
1418 1475 1502 1517 nisi
1539 1476 1821 1518 renunciaret

329 1543 606 1600 proprietati,
629 1544 671 1585 in
695 1545 915 1586 communi
932 1545 1137 1604 religiose
1152 1546 1338 1588 vivendo
1357 1564 1366 1598 3
1393 1547 1689 1604 postmodum,
1709 1564 1820 1589 com-

330 1623 456 1672 perto
478 1614 597 1672 quod
622 1615 748 1657 multi
769 1624 816 1657 ut
843 1616 1155 1659 ordinarentur
1176 1618 1440 1660 simulabant
1461 1619 1541 1660 hec
1563 1635 1608 1660 se
1630 1619 1820 1660 facturos

330 1694 373 1727 et
399 1685 558 1736 facere,
602 1686 945 1738 nec-faciebant,
986 1688 1152 1730 idcirco
1191 1697 1374 1747 propter
1412 1689 1571 1733 malum
1605 1690 1820 1749 ypocrisis

330 1757 448 1815 quod
482 1758 749 1816 sequebatur
802 1759 1062 1810 vittandum,
1118 1760 1227 1802 dixit
1261 1777 1268 1802 :
1327 1762 1450 1803 Certe
1495 1777 1572 1818 ego
1616 1777 1710 1803 sum
1745 1765 1824 1820 qui

328 1839 571 1872 statueram
593 1831 763 1872 nullum
785 1832 996 1874 ordinare
1022 1835 1109 1874 nisi
1132 1835 1194 1874 sic
1219 1843 1260 1875 et
1280 1839 1342 1874 sic
1357 1831 1567 1890 faceret:
1594 1837 1697 1892 quia
1724 1839 1821 1876 novi

330 1903 488 1944 multos
515 1903 808 1953 simulatores,
828 1919 921 1945 ecce
942 1907 985 1945 in
1006 1914 1233 1962 conspectu
1254 1905 1334 1947 Dei
1351 1915 1392 1947 et
1419 1914 1557 1947 vestro
1581 1915 1696 1948 nzuto
1712 1921 1819 1963 pro-

323 1977 529 2030 positum.
568 1974 615 2016 Si
643 1990 747 2033 ergo
787 1974 823 2016 is
861 1983 1037 2017 sanctus
1068 1976 1112 2017 in
1148 1983 1235 2017 tam
1264 1975 1438 2018 modico
1470 1984 1671 2034 tempore
1700 1993 1820 2019 suam

331 2045 525 2103 regulam
558 2061 771 2104 suumque
799 2055 1025 2097 statutum,
1057 2047 1175 2105 quod
1203 2056 1295 2089 erat
1331 2048 1511 2098 bonum,
1547 2049 1581 2090 si
1613 2048 1726 2090 bene
1754 2049 1821 2090 usi

332 2115 517 2158 fuissent
547 2117 614 2158 sui
652 2117 817 2167 clerici,
858 2118 1038 2160 mutavit
1082 2127 1264 2177 propter
1305 2119 1503 2169 abusum,
1553 2135 1650 2161 cum
1695 2119 1821 2162 multi

331 2187 488 2244 prelati
517 2187 773 2230 defensione
802 2189 1166 2247 patrimoniorum
1193 2190 1444 2240 abutantur,
1480 2207 1677 2250 guerras,
1703 2190 1820 2232 sedi—

331 2258 474 2300 tiones
490 2267 533 2300 et
554 2259 653 2301 lites
674 2260 904 2311 movendo,
928 2261 1114 2303 desertis
1128 2261 1446 2319 spiritualibus,
1473 2262 1535 2303 eis
1549 2261 1820 2303 intendendo

334 2329 485 2371 saltem
515 2330 747 2381 curiosius,
774 2348 871 2374 cum
892 2332 1130 2390 majoribus
1152 2333 1362 2390 impensis
1380 2333 1496 2374 curis
1518 2341 1560 2375 et
1576 2333 1818 2383 laboribus,

333 2416 461 2458 quam
507 2402 838 2459 spiritualibus3
887 2420 1022 2462 quare
1074 2420 1161 2446 non
1207 2404 1481 2446 committent
1533 2404 1628 2445 aliis
1674 2419 1818 2445 curam

333 2471 618 2523 defensionis,
641 2473 776 2531 preda
797 2474 923 2516 solita
940 2483 1040 2533 post
1056 2475 1275 2534 impensas
1292 2483 1334 2516 et
1349 2475 1512 2516 honera
1532 2475 1614 2517 sibi
1634 2483 1818 2522 retenta,

333 2543 387 2584 ad
415 2543 550 2585 instar
572 2544 747 2586 illorum
779 2546 1047 2603 prelatorum
1075 2547 1151 2604 qui
1178 2546 1349 2588 labores
1376 2545 1564 2588 venandi
1592 2545 1704 2587 feras
1726 2545 1822 2587 aliis

334 2615 627 2665 committunt,
653 2632 731 2673 per
753 2616 860 2658 alios
889 2626 1111 2667 exercent,
1135 2617 1272 2675 preda
1299 2615 1491 2659 retenta¹
1517 2617 1534 2659 Ρ

381 2795 413 2826 1.
444 2792 589 2827 Dubois
608 2794 705 2827 avait
727 2794 809 2839 deja
829 2795 932 2840 place
951 2796 1045 2829 dans
1064 2795 1097 2829 le
1118 2798 1169 2830 De
1185 2795 1434 2830 abreviatione
1450 2800 1545 2829 cette
1562 2795 1742 2828 anecdote
1757 2807 1822 2828 sur

334 2840 431 2875 saint
452 2840 638 2889 Augustin
658 2842 702 2876 de
725 2841 977 2890 Cantorbery,
1002 2843 1020 2877 a
1039 2855 1183 2890 propos
1206 2844 1251 2877 de
1282 2843 1314 2878 la
1337 2842 1551 2877 discussion
1581 2843 1626 2877 de
1647 2854 1688 2876 ce
1714 2842 1816 2890 prin·
