1942 3242
177 241 237 274 DE
272 235 691 272 RECUPERATIONE
725 234 886 266 TERRE
919 232 1120 265 SANCTE.
1149 249 1182 255 -
1209 229 1586 263 APPENDICE.139

95 329 283 371 invicem
317 326 527 369 subsidiis
560 333 603 367 et
625 324 909 367 succursibus
937 321 1185 380 oportuniS,
1221 336 1311 362 non
1338 323 1484 373 esse[t]
1511 319 1587 377 qui

55 456 58 459 .
94 408 246 442 contra
286 413 549 457 quemquam
585 411 736 438 eorum
777 409 980 454 guerram
1019 408 1193 434 movere
1230 391 1427 440 auderet,
1469 398 1512 432 et
1550 390 1587 431 si

95 479 303 520 moveret,
338 469 413 528 qui
443 484 530 510 non
569 466 914 510 confunderetur
940 480 1019 522 per
1045 471 1111 506 tot
1150 471 1193 504 et
1223 470 1369 504 tantos
1404 462 1586 503 circum-

95 541 222 585 datus
243 541 365 584 brevi
391 556 536 582 manu.
563 539 637 582 Sic
664 554 741 580 rex
761 536 927 595 Egipti,
947 551 1044 577 cum
1059 534 1220 577 auxilio
1237 533 1405 575 ordinis
1426 532 1586 590 regalis

96 621 138 655 et
165 612 349 655 aliorum
383 611 635 670 principum
661 625 710 651 ac
746 606 1042 650 multitudinis
1077 605 1255 647 fortium
1291 611 1586 662 pugnatorum

97 684 151 726 ad
184 700 282 726 eum
315 682 630 726 confluentium
664 687 846 738 propter
874 678 994 720 lucra
1027 676 1258 734 captanda,
1296 675 1503 733 quoniam
1542 675 1587 716 in

95 755 226 798 terris
264 754 489 797 nationum
533 768 707 795 suarum
753 749 930 800 occiosi,
980 747 1255 791 cessantibus
1295 747 1357 789 ibi
1394 745 1584 805 guerris,

96 827 281 869 honeste
315 825 409 867 sine
441 824 624 883 penuria
653 823 797 865 vivere
835 837 923 864 non
957 827 1154 878 possent,
1184 826 1335 877 posset
1368 834 1466 860 cum
1505 817 1587 859 Dei

97 897 316 956 adjutorio
349 912 500 939 omnes
539 894 726 954 populos
764 892 1000 935 orientales
1041 899 1083 933 et
1122 891 1252 933 etiam
1291 888 1587 932 occidentales

96 969 208 1011 ultra
237 984 355 1011 mare
383 957 754 1011 Mediterraneum
788 964 1038 1007 habitantes
1067 962 1151 1004 sibi
1189 962 1426 1020 subjugare
1459 967 1502 1002 et
1535 959 1588 1002 ad

97 1040 225 1083 fidem
247 1039 467 1082 attrahere
489 1038 787 1086 christianam,
819 1035 1055 1094 plurimum
1083 1033 1315 1092 adjuvante
1336 1031 1588 1091 provisione

98 1111 348 1162 scolarium,
372 1118 486 1152 tacta
506 1110 551 1151 in
568 1108 754 1168 epistola
775 1106 1040 1165 supradicta.
1068 1105 1302 1160 Quoniam,
1325 1104 1588 1162 disponente

99 1191 142 1226 et
169 1191 376 1225 causante
405 1181 578 1224 celestis
606 1180 802 1223 armonie
832 1178 1151 1227 benivolencia,
1182 1176 1397 1236 generati,
1429 1174 1521 1217 nati
1547 1182 1590 1215 et

99 1255 254 1297 nutriti
289 1255 334 1296 in
370 1269 506 1312 regno
534 1254 819 1300 Francorum,
852 1250 1086 1308 presertim
1119 1264 1259 1307 prope
1292 1247 1502 1296 Parisius,
1545 1246 1589 1287 in

99 1326 312 1375 moribus,
350 1324 618 1373 constancia,
658 1321 917 1364 fortitudine
949 1330 992 1363 et
1027 1319 1342 1378 pulcritudine,
1383 1326 1508 1360 natos
1544 1318 1589 1359 in

99 1398 194 1440 aliis
246 1397 502 1456 regionibus
552 1393 810 1437 naturaliter
861 1393 1098 1451 plurimum
1158 1390 1421 1449 precellunt,
1478 1390 1590 1430 sicut

100 1468 358 1511 naturaliter
397 1468 599 1525 probavit
643 1465 935 1523 experiencia‚
982 1480 1066 1522 que
1115 1471 1181 1505 est
1235 1478 1401 1504 summa
1444 1476 1590 1502 rerum

101 1540 324 1599 magistra,
366 1538 594 1597 expediret
629 1536 749 1595 quod
786 1536 1012 1594 predictus
1049 1534 1179 1584 filius,
1221 1533 1479 1576 naturaliter
1511 1547 1590 1590 pre

100 1611 304 1654 omnibus
341 1626 506 1652 summe
543 1609 799 1667 dispositus,
835 1615 1004 1649 tantum
1031 1606 1076 1648 in
1109 1606 1292 1649 Francia
1326 1611 1588 1653 remaneret,

103 1682 222 1740 quod
280 1682 342 1724 ibi
401 1689 633 1739 antequam
688 1679 917 1722 recederet
975 1678 1123 1736 plures
1185 1676 1299 1718 filios
1352 1675 1593 1717 dimitteret

103 1753 267 1796 ibidem
307 1752 566 1795 nutriendos
594 1759 637 1793 et
670 1750 952 1800 erudiendos,
985 1757 1028 1791 et
1062 1757 1294 1807 antequam
1333 1747 1595 1790 recederent

104 1825 304 1868 similiter
338 1824 558 1876 facturos3
604 1832 651 1866 ut
687 1838 837 1865 omnes
880 1837 1007 1880 reges
1048 1821 1214 1880 Egipti,
1254 1819 1392 1870 Acon,
1425 1827 1467 1861 et
1512 1819 1592 1860 im-

102 1905 329 1956 peratores
368 1894 863 1953 Constantinopolitani,
917 1893 954 1935 si
983 1892 1170 1935 heredes
1210 1891 1504 1950 imperatoris,
1546 1898 1594 1931 ut

103 1967 346 2027 expediret,
378 1967 439 2009 sic
474 1966 668 2009 facerent
689 1966 733 2008 in
761 1965 945 2008 Francia
972 1965 1186 2024 generati,
1216 1963 1324 2013 nati,
1364 1962 1519 2005 nutriti
1551 1970 1594 2003 et

103 2039 280 2089 eruditi,
321 2039 562 2080 bonitatem
600 2038 754 2080 domus
793 2037 958 2079 domini
995 2036 1112 2095 regis
1145 2035 1346 2084 Francie‚
1384 2034 1594 2092 pulcritu-

105 2111 250 2153 dinem
280 2118 322 2152 et
350 2109 653 2151 fortitudinem
686 2109 928 2151 incolarum
957 2108 1040 2150 loci
1067 2115 1283 2166 perpetuo
1311 2106 1590 2154 sortirentur,

106 2198 288 2241 regnum
310 2183 420 2239 ejus,
445 2197 659 2223 summum
678 2180 940 2238 principem,
964 2195 1012 2221 ac
1040 2181 1133 2237 ejus
1155 2179 1334 2227 liberos,
1365 2185 1595 2234 totumque

105 2269 260 2312 genus,
284 2254 472 2295 barones
494 2261 537 2294 et
557 2252 768 2310 populum
784 2260 999 2310 perpetuo
1022 2251 1275 2309 diligerent,
1300 2257 1343 2291 et
1354 2249 1436 2290 toti
1458 2263 1595 2307 regno

107 2324 160 2366 de
191 2324 404 2382 preciosis
425 2324 558 2365 rebus
591 2323 879 2365 orientalibus
907 2323 1101 2365 facerent
1128 2330 1171 2364 et
1214 2328 1434 2370 curarent,
1465 2327 1596 2377 prout

107 2403 223 2437 esset
244 2395 473 2453 possibile,
504 2395 743 2452 provideri.
765 2395 837 2438 Sic
860 2394 974 2436 filius
999 2393 1277 2452 supradictus
1294 2391 1348 2433 ad
1369 2391 1595 2433 dominum

108 2474 275 2525 patrem
322 2482 463 2515 suum,
507 2474 705 2508 cessante
751 2466 950 2524 quolibet
984 2465 1199 2524 periculo,
1243 2463 1388 2506 redire
1427 2469 1592 2521 posset,

108 2554 204 2580 cum
231 2539 325 2595 ejus
359 2537 474 2578 filius
513 2537 705 2578 militans
739 2537 793 2578 ad
829 2538 971 2595 ipsum
1007 2536 1249 2578 accederet.
1294 2535 1367 2577 Sic
1406 2533 1596 2592 populus

107 2608 333 2651 orientalis
362 2608 586 2650 dominum
615 2623 740 2649 suum
768 2624 941 2666 semper
961 2608 1130 2650 videret
1151 2607 1195 2649 in
1224 2606 1330 2648 flore
1353 2605 1597 2663 juventutis

108 2688 151 2721 ct
195 2679 505 2737 pulcritudinis
551 2678 776 2730 naturalis,
822 2687 865 2720 et
901 2679 1043 2737 ipsum
1088 2678 1237 2720 videre
1284 2693 1416 2735 super
1452 2676 1596 2718 omnia

109 2749 395 2800 desideraret,
432 2750 665 2808 ipsumque
687 2750 879 2799 timeret,
914 2766 1011 2792 cum
1047 2751 1252 2807 juvenem
1272 2748 1514 2811 fulgentem
1550 2755 1597 2792 ut

110 2821 250 2866 virum
275 2821 446 2866 fortiter
473 2821 722 2882 obstagiare
748 2820 932 2866 videret.

1612 1116 1647 1141 De
1685 1113 1858 1140 l'excellence

1646 1149 1680 1176 du
1692 1149 1782 1176 elimat
1790 1149 1822 1175 de
1834 1149 1859 1175 la

1646 1187 1757 1218 France,
1768 1188 1800 1211 οὐ
1813 1185 1859 1211 de—

1646 1227 1724 1248 vront
1734 1224 1791 1248 etre
1803 1221 1858 1247 ele-

1648 1260 1694 1284 ves
1707 1266 1756 1293 par
1766 1256 1792 1283 la
1806 1257 1859 1283 sui-

1646 1299 1672 1320 te
1695 1293 1734 1320 les
1753 1293 1858 1328 princes

1646 1329 1724 1356 latins
1741 1329 1857 1355 d'outre-

1646 1374 1713 1392 mer.
