1942 3242
409 213 466 244 DE
503 212 922 244 RECUPERATIONE
956 213 1120 244 TERRE
1155 214 1360 245 SANCTE.
1577 213 1616 244 39

125 303 348 346 nationem
377 301 630 360 hujusmodi
657 301 950 360 probabiliter
977 302 1275 360 respondere3
1313 302 1432 360 quod
1454 303 1489 343 si
1517 303 1617 360 quis

126 373 270 417 facere
286 374 581 433 temptaverit,
600 373 828 431 expediret
842 373 887 415 in
903 374 1134 431 scripturis
1150 375 1234 416 hoc
1254 374 1412 424 faeere,
1434 382 1617 432 propter

125 446 411 488 variationem
432 453 476 488 et
501 444 913 487 transmutationem
938 445 1189 497 verborum,
1215 462 1299 504 que
1322 462 1410 487 non
1431 453 1618 503 possunt

127 517 221 559 sine
250 517 483 576 scriptura,
515 517 645 558 etiam
666 532 745 574 per
767 515 971 566 eundem,
1003 516 1188 558 diversis
1206 517 1498 575 temporibus,
1524 516 1617 558 sine

127 596 361 648 augmento
396 596 438 630 et
468 587 760 630 diminutione
788 587 994 645 proferri,
1026 596 1073 630 ut
1101 588 1160 630 ait
1195 588 1265 630 lex
1298 588 1460 639 civilis3
1492 589 1616 645 cujus

127 675 256 702 causa
277 668 344 702 est
364 659 558 702 armonia
576 667 719 700 motus
741 659 934 700 celorum
957 675 1054 701 cum
1073 659 1328 701 diversitate
1341 667 1612 717 aspectuum,

126 739 170 773 et
195 730 431 774 influeneie
458 746 692 788 corporum
721 747 806 788 que
834 739 936 772 sunt
969 731 1013 772 in
1047 731 1217 773 eodem.
1257 732 1366 773 Cum
1400 739 1544 772 autem
1571 730 1615 772 in

126 802 211 844 fine
238 819 368 861 quem
396 802 621 861 querimus
649 817 737 844 non
766 802 822 843 sit
849 802 1157 844 transmutatio
1185 819 1266 844 nec
1298 802 1615 844 vicissitudinis

125 874 419 924 obumbratio,
444 875 480 916 si
497 873 656 932 prelati
672 889 717 915 se
737 873 874 915 velint
891 873 931 914 ei
953 874 1224 924 assimulare,
1243 874 1506 916 variationes
1527 889 1615 915 non

125 954 340 1004 querent3
371 954 491 988 recta
513 940 698 995 ratione,
733 961 821 986 non
859 945 1086 1003 exemplis,
1122 961 1167 986 se
1202 954 1358 1005 regent
1398 945 1611 987 dicendo:

126 1034 148 1058 <c
177 1017 306 1059 Multi
329 1017 468 1059 sancti
490 1019 642 1059 Patres
670 1017 827 1067 nostri,
858 1025 1136 1058 sacrosancte
1163 1033 1341 1059 romane
1363 1025 1405 1058 et
1433 1017 1615 1059 aliarum

125 1088 409 1130 ecclesiarum
430 1088 588 1146 prelati
615 1089 803 1146 majores
827 1096 869 1130 et
895 1087 1208 1145 prudentiores
1236 1088 1364 1130 nobis
1394 1088 1454 1130 sie
1483 1088 1614 1146 patri-

122 1160 268 1202 monia
294 1168 562 1211 tenuerunt3
598 1160 660 1201 sic
688 1167 841 1201 tenere
871 1168 914 1201 et
951 1159 1096 1201 vivere
1126 1160 1341 1209 volumus,
1374 1161 1495 1218 ipsos
1522 1160 1615 1201 imi-

120 1231 270 1273 tando.
305 1249 326 1271 »
357 1231 638 1289 Responderi
671 1239 840 1289 potest:
878 1249 899 1271 (t
935 1233 1033 1274 Non
1061 1231 1260 1289 sequitur
1292 1231 1429 1273 sancti
1461 1233 1613 1274 Patres

120 1318 199 1360 per
226 1319 346 1344 suam
376 1303 673 1344 constanciam
704 1302 964 1360 temporalia
991 1310 1034 1344 et
1067 1303 1310 1360 spiritualia
1344 1302 1612 1345 sufficienter

119 1374 424 1433 gubernarunt
446 1373 472 1425 1;
502 1390 608 1433 ergo
630 1373 831 1415 moderni
853 1374 933 1415 hec
959 1382 1145 1431 possunt
1166 1383 1209 1416 et
1236 1374 1416 1424 faciunt,
1442 1374 1611 1416 discor-

119 1445 203 1487 diis
225 1453 268 1487 et
284 1445 584 1487 invasionibus
606 1445 831 1487 hominum
848 1445 1086 1503 plurimum
1102 1446 1393 1504 augmentatis
1413 1464 1422 1497 3
1447 1454 1490 1487 et
1510 1447 1610 1503 quia

118 1516 359 1558 secundum
406 1516 548 1574 legem
593 1516 763 1558 civilem
813 1532 901 1558 non
949 1516 1159 1558 debemus
1214 1517 1451 1575 respicere,
1507 1519 1614 1577 quid

118 1590 250 1629 Rome
274 1589 328 1644 fi't
353 1603 430 1630 nec
458 1589 564 1647 quid
583 1590 751 1647 factum
778 1597 855 1641 est,
885 1589 963 1630 sed
987 1590 1105 1647 quod
1133 1589 1236 1645 fi'eri
1268 1589 1442 1631 deberet
1473 1599 1513 1631 et
1538 1591 1609 1631 cle-

119 1660 303 1712 buisset;
337 1667 380 1700 et
415 1659 534 1717 quod
566 1675 675 1701 nova
705 1659 975 1701 constituere
1007 1668 1190 1718 propter
1217 1660 1465 1702 evidentem
1494 1660 1607 1702 utili-

116 1738 250 1773 tatem
271 1724 474 1772 dub'itare
502 1746 589 1772 non
611 1730 838 1772 debemus.

1682 882 1842 917 Objections.

176 1806 296 1856 [xxx]
330 1803 485 1845 Nonne
509 1801 615 1844 dicit
635 1801 843 1844 Averrois
871 1802 990 1860 quod
1009 1801 1176 1844 Arabes
1197 1803 1330 1845 multa
1359 1803 1470 1845 mala
1491 1804 1609 1861 passi
1631 1827 1783 1855 Refutation
1806 1828 1839 1855 de
1853 1828 1876 1856 1,,
1926 1847 1933 1858 ,

118 1882 234 1923 sunt,
272 1873 374 1931 quia
412 1873 697 1915 crediderunt
737 1874 858 1932 leges
893 1889 991 1915 suas
1037 1874 1343 1917 universaliter
1379 1891 1475 1916 esse
1516 1892 1609 1917 ser-

115 1945 276 1987 vandas
293 1953 336 1986 et
357 1945 402 1986 in
423 1944 543 1986 nullo
567 1961 668 1986 casu
690 1944 929 1986 flectendas
945 1946 962 1987 Ξ)
977 1946 1133 1989 Nonne
1155 1946 1296 1988 omnis
1319 1946 1388 1988 lex
1406 1946 1545 1988 civilis
1567 1955 1610 1988 et

117 2024 278 2058 statuta
295 2015 376 2058 fuit
397 2024 580 2073 propter
602 2016 765 2057 bonum
788 2025 830 2058 et
851 2016 1091 2074 expediens
1110 2018 1127 2060 Ρ
1147 2018 1230 2061 Vix
1257 2026 1400 2060 autem
1423 2018 1609 2076 reperiri

117 2095 268 2145 posset
287 2086 454 2145 aliquid
476 2087 520 2128 in
542 2087 626 2129 hoc
647 2087 809 2129 mondo
832 2087 950 2146 quod
971 2097 1087 2130 esset
1114 2089 1279 2131 bonum
1301 2105 1348 2131 ac
1370 2089 1609 2148 expediens

118 2158 237 2200 omni
276 2158 388 2207 loco,
425 2158 543 2200 omni
575 2166 791 2216 tempore,
814 2159 1038 2208 ‚omnibus
1074 2161 1294 2218 personis.
1340 2161 1510 2203 Idcirco
1543 2177 1609 2203 va-

120 2230 288 2271 riantur
309 2229 430 2288 leges
451 2238 493 2271 et
521 2238 681 2272 statuta
700 2231 926 2290 hominum
953 2231 1194 2273 secundum
1216 2232 1468 2274 varietatem
1497 2232 1610 2274 loco-

119 2317 230 2351 rum,
260 2309 523 2358 temporum,
553 2317 868 2359 personarum3
899 2310 942 2343 et
964 2303 1083 2360 quod
1105 2303 1167 2344 sic
1188 2303 1283 2345 fieri
1310 2303 1483 2353 debeat,
1513 2320 1610 2345 cum

118 2372 299 2414 evidens
321 2371 486 2413 utilitas
508 2372 592 2414 hoc
613 2373 825 2430 exposcit,
847 2373 972 2415 multi
993 2374 1249 2432 philosophi
1277 2374 1539 2424 docuerunt,
1569 2383 1611 2416 et

119 2443 322 2485 dominus
346 2459 393 2485 ac
406 2443 613 2501 magister
631 2444 824 2486 omnium
841 2445 1144 2495 scienciarum,
1165 2454 1414 2488 sanctorum
1434 2448 1610 2488 Patrum

119 2523 162 2556 et
188 2514 571 2572 philosophorum,
603 2523 649 2556 ut
676 2515 738 2557 sic
765 2515 859 2558 fieri
888 2515 1068 2558 doceret
1095 2526 1138 2559 et
1164 2526 1212 2559 ut
1239 2517 1334 2559 fieri
1368 2534 1455 2558 non
1483 2517 1611 2559 time-

118 2594 255 2635 retur,
286 2586 411 2643 plura
438 2602 521 2644 que
549 2594 760 2628 statuerat
787 2587 831 2628 in
858 2588 1008 2631 Veteri
1036 2590 1317 2631 Testamento
1351 2589 1532 2631 mutavit
1566 2589 1610 2630 in

120 2658 258 2700 Novo.
293 2657 423 2712 Quod
450 2656 556 2699 dicit
585 2673 725 2699 canon
753 2659 1020 2716 apostolicus
1049 2676 1070 2701 a
1098 2659 1311 2719 predictis
1340 2660 1501 2703 sanctis
1529 2661 1610 2703 Pa-

169 2812 203 2849 1.
231 2810 276 2847 V.
300 2810 520 2848 ci-dessous
539 2823 575 2861 p.
599 2812 656 2852 41,
681 2817 782 2848 note.

1665 1864 1767 1905 theoria
1775 1873 1878 1891 conser-

1666 1905 1775 1927 vau-sce.
