1942 3242
403 216 462 247 DE
492 213 912 247 RECUPERATIONE
943 213 1106 244 TERRE
1136 213 1336 244 SANCTE.
1598 214 1618 246 9

123 304 277 363 populi
298 304 624 347 multitudinem
644 311 735 346 tota
755 311 895 355 terra3
919 310 1038 344 totus
1061 302 1279 344 exercitus
1303 317 1402 344 cum
1431 319 1615 361 sequen-

123 376 242 418 tibus
263 376 407 434 ipsum
426 376 540 418 vivat
556 375 610 418 de
632 374 785 434 spoliis
802 374 998 432 ipsorum
1018 391 1027 426 ;
1053 373 1171 431 quod
1194 374 1410 431 asportari
1431 390 1518 415 non
1541 391 1614 432 po-

123 447 242 497 terit,
264 455 472 497 vastetur,
503 455 550 489 ut
576 446 712 489 nichil
734 454 957 488 remaneat
978 445 1032 486 de
1061 461 1147 503 quo
1175 445 1319 487 vivere
1346 445 1533 503 possint.
1568 446 1615 488 Si

124 533 209 560 non
238 527 466 577 opponant
486 535 531 560 se
554 517 818 568 resistendo,
850 517 927 559 sed
949 517 1119 567 castris,
1145 517 1296 567 muris,
1328 517 1551 559 montibus
1573 526 1615 559 et

122 589 357 648 paludibus
385 606 430 632 se
463 590 680 649 operiant,
717 605 806 631 non
841 597 1051 647 queratur
1083 604 1200 630 mors
1228 596 1271 630 et
1299 589 1471 630 occasio
1499 591 1610 646 ejus,

121 677 176 703 ne
197 662 340 704 anime
362 661 634 704 descendant
656 661 912 703 eternaliter
933 660 987 702 ad
1009 660 1201 712 infer0s3
1227 660 1365 719 magis
1387 660 1503 702 enim
1530 676 1613 718 pu-

121 733 299 775 nientur
319 749 399 791 per
426 732 598 783 famem,
624 748 709 791 que
732 731 893 775 afficiet
921 747 1010 774 non
1039 732 1180 774 solum
1210 732 1328 773 viros
1355 732 1608 784 bellicosos,

120 804 198 846 sed
219 805 349 847 etiam
371 821 522 847 omnes
544 813 587 847 et
608 804 805 864 singulos
828 820 850 846 a
871 804 1025 862 majori
1047 820 1187 862 usque
1207 803 1261 846 ad
1282 804 1525 854 minimum,
1551 804 1613 846 sic

120 884 166 917 ut
194 892 346 918 omnes
375 892 533 935 penam
567 875 796 918 sentiant¹.
839 876 912 919 Sic
950 875 1099 934 puniri
1143 875 1281 917 voluit
1316 884 1359 917 et
1393 875 1613 918 mandavit

119 947 334 990 Dominus
355 963 434 1006 per
460 948 721 1006 prophetam
748 963 896 1006 regem
923 947 1063 1007 Agag,
1087 963 1185 989 eum
1219 947 1423 989 omnibus
1452 947 1533 989 sub
1561 963 1612 988 eo

118 1018 381 1069 viventibus,
413 1035 552 1078 usque
581 1019 635 1061 ad
666 1019 935 1078 mingentem
967 1019 1020 1061 ad
1050 1019 1279 1077 parietem.
1316 1019 1371 1060 Et
1401 1019 1501 1077 quia
1537 1035 1613 1061 rex

121 1090 241 1140 Saul,
266 1089 320 1132 de
342 1090 547 1133 mandato
575 1091 753 1133 Domini
775 1099 1024 1149 assumptus
1047 1099 1090 1132 et
1110 1099 1270 1133 unctus
1297 1091 1343 1132 in
1366 1106 1515 1149 regem
1543 1107 1609 1132 su-

117 1177 197 1220 per
224 1161 336 1203 filios
365 1162 514 1213 Israel,
540 1162 638 1204 data
666 1162 751 1204 sibi
776 1162 958 1204 victoria
985 1178 1008 1204 a
1035 1162 1241 1213 Domino,
1266 1163 1466 1221 pepercit
1487 1162 1612 1222 Agag

119 1233 212 1291 regi
233 1233 525 1292 pinguissimo
548 1242 590 1276 et
618 1234 878 1276 animalibus
905 1234 1145 1293 pinguibus
1172 1242 1219 1276 ut
1246 1250 1295 1276 ea
1322 1235 1512 1276 Domino
1542 1251 1610 1276 sa-

117 1303 349 1355 crificaret,
375 1305 570 1363 privatus
597 1305 679 1348 fuit
699 1321 864 1365 regno;
889 1305 1060 1364 fuitque
1091 1306 1136 1348 in
1164 1305 1307 1348 locum
1330 1308 1423 1364 ejus
1452 1306 1609 1348 subro-

116 1383 242 1435 gatus
270 1384 312 1418 et
346 1384 504 1418 unctus
538 1377 582 1418 in
613 1393 763 1436 regem
796 1377 952 1428 David,
989 1386 1141 1436 pastor
1175 1378 1318 1429 ovium
1345 1378 1482 1436 patris
1512 1378 1607 1430 sui;

117 1447 178 1488 sic
206 1446 288 1489 fuit
317 1448 497 1505 punitus
531 1464 607 1490 rex
636 1449 739 1491 Saul
767 1458 950 1507 propter
971 1448 1326 1491 inobedieneiam
1348 1465 1485 1500 suam,
1511 1449 1610 1491 fuit-

117 1534 201 1576 que
241 1518 323 1560 sibi
362 1518 526 1560 dictum
562 1535 641 1578 per
680 1521 940 1578 prophetam
977 1536 1135 1579 penam
1179 1521 1219 1562 ei
1264 1520 1605 1579 nunciantem²:

116 1589 271 1632 Melior
296 1593 406 1633 enim
429 1601 495 1633 est
521 1591 769 1634 obediencia
795 1609 921 1652 quam
953 1596 1140 1636 victima.

174 1733 223 1778 6.
254 1733 329 1776 Sic
356 1734 487 1776 etiam
519 1735 691 1792 punivit
723 1736 843 1778 Deus
879 1736 1160 1793 omnipotens
1188 1736 1420 1778 maximum
1457 1752 1608 1794 pecca-

113 1818 206 1852 tum
238 1810 504 1869 proditionis
532 1820 574 1854 et
608 1813 761 1855 mortis
792 1813 970 1854 Domini
1003 1813 1144 1855 nostri
1175 1813 1499 1856 Ibem-Christi
1529 1830 1608 1872 per

115 1881 227 1924 filios
255 1882 387 1924 Israel
422 1884 718 1934 commissum,
760 1884 870 1926 fame
902 1884 1086 1926 maxima
1123 1885 1242 1943 ipsos
1277 1884 1524 1935 afficiendo,
1562 1886 1607 1927 in

113 1960 282 1994 tantum
314 1954 433 2011 quod
459 1962 619 1996 matres
650 1955 764 1997 filios
798 1955 1003 2014 parvulos
1035 1955 1188 1998 affatos
1223 1956 1528 2007 comedebam
1560 1965 1607 1998 ut

114 2031 234 2082 patet
259 2040 339 2082 per
366 2026 607 2083 Josephum
639 2026 683 2068 in
715 2026 829 2068 libro
861 2028 912 2068 de
938 2026 1300 2086 AntiquitatibaS,
1333 2028 1377 2070 in
1406 2044 1455 2070 ea
1482 2037 1606 2086 parte

114 2094 158 2136 in
186 2110 271 2153 qua
292 2095 346 2137 de
374 2095 674 2140 destructione
696 2098 938 2141 Jerusalem
959 2099 1176 2141 tractavit.

175 2237 222 2282 7.
272 2239 378 2280 Item
426 2239 630 2282 omnibus
671 2240 903 2282 consilium
950 2249 993 2283 et
1034 2227 1161 2300 opem
1211 2243 1512 2300 prestantibus
1553 2243 1607 2284 ad

161 2387 192 2419 1.
223 2386 325 2419 'rous
361 2398 423 2419 ces
461 2387 626 2420 conseils
664 2400 729 2421 sur
768 2388 801 2422 la
836 2389 999 2435 tactique
1027 2390 1044 2423 ἐι
1076 2390 1202 2424 suivre
1235 2402 1332 2436 pour
1356 2391 1508 2424 reduire
1539 2393 1605 2425 des

113 2431 276 2466 rebelles
299 2434 446 2467 avaient
461 2434 542 2479 de'jii
560 2435 616 2468 ete
639 2435 784 2469 donnes
806 2448 874 2481 par
895 2436 1054 2476 Dubois‚
1078 2438 1171 2471 mais
1194 2451 1279 2472 avec
1303 2438 1498 2484 beaucoup
1520 2439 1605 2484 plus

113 2480 333 2525 d'ampleur.
354 2481 447 2514 dans
473 2482 504 2514 le
524 2483 574 2515 De
595 2481 714 2516 abrev.
742 2483 804 2517 sol.
832 2484 849 2517 4
871 2490 906 2516 r⁰
925 2490 961 2518 et
982 2486 1002 2519 5
1020 2493 1081 2518 vo:
1107 2499 1124 2518 «
1149 2485 1330 2519 Homines
1353 2499 1428 2519 non
1456 2487 1603 2520 interfi—

113 2527 270 2566 cientur,
290 2528 363 2561 nisi
387 2528 566 2562 facientes
588 2534 624 2562 et
646 2536 839 2564 moventes
858 2531 1039 2566 insultum
1058 2543 1065 2575 ;
1089 2539 1123 2566 et
1146 2533 1330 2566 insultum
1350 2533 1602 2574 moventibus,

112 2574 187 2608 nisi
209 2575 438 2610 neccessitas
461 2577 586 2621 exigat
616 2577 716 2611 aliud
747 2578 841 2617 fieri,
867 2579 988 2613 solum
1010 2580 1124 2614 altera
1149 2592 1281 2614 manus
1305 2581 1360 2614 vel
1384 2594 1449 2627 pes
1472 2594 1603 2627 ampu-

112 2627 224 2661 tetur,
249 2635 295 2656 ne
321 2623 581 2666 decedentium
604 2624 725 2658 anime
747 2626 792 2659 ad
811 2626 954 2660 inferos
977 2628 1280 2662 transmittantur
1302 2642 1334 2661 ».
1364 2629 1421 2662 Au
1451 2629 1523 2662 lieu
1555 2630 1605 2662 du
1628 2659 1633 2664 ,

113 2670 183 2703 duc
214 2682 262 2703 ou
297 2670 346 2704 du
383 2677 501 2704 comte
537 2672 581 2704 de
616 2672 858 2718 Bourgogne,
901 2674 991 2708 c’est
1029 2674 1061 2708 le
1101 2676 1170 2708 duc
1208 2676 1253 2708 de
1294 2676 1477 2710 Lori-aine
1514 2678 1606 2710 dont

112 2716 258 2751 Dubois
296 2730 462 2764 suppose
492 2718 523 2751 la
547 2718 730 2753 rebellion
763 2721 856 2754 dans
887 2734 955 2755 son
981 2723 1142 2767 premier
1175 2735 1339 2767 ouvrage
1371 2736 1376 2756 :
1408 2737 1425 2756 «
1455 2725 1604 2757 Ponens

113 2764 272 2847 exgmilei
284 2766 406 2846 graltia
428 2766 528 2847 (1ng
550 2767 623 2800 dux
646 2767 890 2814 Lotliaringie
913 2781 1044 2816 parere
1061 2776 1208 2804 recusat
1223 2771 1326 2817 regie
1347 2771 1601 2817 majestati...»

187 2838 194 2846 .
257 2824 327 2853 eis,
374 2840 381 2854 ,
404 2825 460 2853 xv,
535 2839 541 2847 .
