1942 3242
401 209 459 241 DE
490 209 908 240 RECUPERATIONE
936 209 1099 240 TERRE
1129 209 1328 240 SANCTE.
1573 209 1611 240 91

118 313 329 356 prospere
351 298 573 348 succedet,
605 298 642 340 si
669 299 712 340 in
741 299 938 356 appetitu
975 298 1074 340 finis
1103 306 1145 340 et
1176 299 1323 356 operis
1353 298 1611 340 executione

118 369 395 419 conveniant,
425 385 505 428 per
532 369 614 412 Dei
641 370 848 427 graciam,
874 385 1067 412 summus
1096 370 1248 412 salutis
1275 369 1519 427 reipublice
1541 385 1610 411 cu-

118 447 236 482 ratus
264 440 308 482 in
347 441 494 491 terris,
530 457 578 483 ac
611 441 983 499 prudentissimus
1019 441 1226 499 princeps
1267 441 1388 491 artis,
1430 456 1535 482 usus
1569 449 1611 482 et

117 512 395 570 experiencie
420 512 484 555 rei
517 512 747 564 militaris;
785 528 866 570 pro
899 528 1087 570 quorum
1121 512 1308 554 duorum
1336 512 1381 553 in
1414 519 1501 553 tam
1536 512 1610 569 pio

117 583 346 641 proposito
375 583 564 626 subsidii
585 585 720 626 Terre
744 584 921 634 Sancte,
946 584 1062 626 inter
1088 592 1153 625 tot
1180 592 1222 625 et
1249 591 1392 625 tantas
1419 599 1609 641 occupa-

115 654 259 696 tiones
273 654 620 713 persistentium,
645 662 759 697 statu
775 655 961 714 longevo
983 671 1070 697 non
1088 655 1227 697 solum
1250 654 1506 713 spiritualis,
1533 654 1610 696 sed

116 725 245 768 etiam
266 725 519 784 temporalis
534 726 620 768 vite
633 725 820 768 feliciter
845 726 1184 785 augmentando,
1205 742 1371 785 suoque
1388 725 1609 768 desiderio

115 796 301 840 feliciter
313 797 582 857 peragendo,
600 798 687 840 vite
700 814 953 856 supremum
963 806 1172 849 actorem,
1185 815 1265 856 per
1287 800 1410 856 cujus
1424 797 1606 840 influen-

114 868 223 910 ciam
251 876 294 910 et
320 869 698 912 conservationem
717 870 862 912 omnia
895 870 1060 920 vivunt,
1094 870 1140 912 in
1180 870 1270 912 suis
1311 870 1480 911 naturis
1511 886 1607 927 per-

113 939 288 990 durant,
312 956 392 998 per
419 942 512 998 ejus
534 940 892 983 assimilationem
914 942 1182 1000 participant
1203 941 1422 999 quidquid
1442 941 1607 983 habent

112 1011 337 1061 bonitatis,
380 1012 587 1054 continue
627 1028 706 1070 per
736 1029 889 1055 omnes
926 1021 969 1055 et
1002 1013 1200 1072 singulos
1231 1012 1286 1054 ad
1324 1013 1442 1054 hunc
1475 1012 1606 1054 finem

111 1082 353 1142 gloriosum
375 1083 625 1134 tendentes,
662 1084 840 1143 expedit
867 1100 965 1127 cum
999 1085 1168 1127 devotis
1195 1085 1417 1127 mentibus
1448 1085 1605 1127 unani-

113 1154 241 1197 miter
266 1171 462 1198 exorare.

170 1302 289 1352 [LXV]
319 1298 434 1343 107.
472 1300 578 1341 Post
599 1299 679 1340 hec
707 1307 850 1341 autem
880 1300 942 1341 sic
970 1299 1107 1349 finita,
1138 1300 1421 1341 vehementer
1449 1315 1604 1341 occur-

111 1370 168 1411 rit
188 1370 388 1412 homines
412 1370 505 1412 fore
527 1370 638 1412 male
659 1379 890 1413 contentos
913 1379 954 1412 et
976 1370 1267 1412 communiter
1281 1379 1603 1413 murmurantes

110 1457 243 1499 super
269 1441 369 1492 hoc,
401 1441 520 1500 quod
547 1443 609 1484 eis
640 1458 728 1484 non
763 1451 944 1500 apparet
976 1459 1057 1484 nec
1086 1459 1298 1500 apparere
1322 1442 1434 1484 solet
1460 1443 1602 1501 legata

110 1514 245 1555 Terre
269 1514 428 1555 Sancte
443 1513 593 1555 relicta
608 1521 651 1555 et
671 1514 753 1555 alia
770 1514 825 1555 ob
860 1516 954 1572 ejus
987 1516 1122 1556 Terre
1150 1515 1311 1557 Sancte
1337 1514 1599 1565 subsidium,

109 1583 191 1625 sub
222 1584 476 1626 nominibus
498 1584 862 1642 Templariorum,
895 1585 1304 1643 Hospitalariorum,
1336 1594 1379 1627 et
1401 1585 1505 1628 alias
1534 1586 1602 1629 di-

108 1655 353 1697 versimode
375 1655 546 1706 collata,
578 1656 775 1698 subsidio
809 1657 1011 1715 predicto
1044 1657 1256 1715 prodesse
1290 1665 1523 1715 patenter;
1559 1666 1602 1700 et

109 1726 275 1768 idcirco
307 1727 565 1786 largitiones
604 1728 857 1786 hujusmodi
878 1728 1218 1787 dampnabiliter
1240 1729 1332 1770 fore
1363 1729 1602 1787 plurimum

110 1798 323 1840 cessando
343 1799 547 1841 munitas.
575 1799 762 1850 Idcirco,
787 1808 834 1841 ut
861 1809 1035 1842 cessent
1056 1801 1154 1850 hec,
1177 1800 1349 1842 videtur
1363 1801 1602 1859 expediens

110 1869 228 1927 quod
247 1869 291 1911 in
319 1870 504 1912 ecclesia
535 1871 778 1913 cathedrali
801 1871 1038 1929 cujuslibet
1065 1872 1283 1930 dyocesis,
1319 1872 1523 1914 videlicet
1557 1873 1601 1914 in

109 1942 202 1998 ejus
239 1941 526 1991 thesauraria,
562 1943 618 1983 sit
651 1942 875 1984 archivum
908 1943 1151 2001 publicum,
1176 1943 1220 1985 in
1256 1960 1342 2002 quo
1387 1945 1601 2001 peccunie

108 2011 238 2053 modo
260 2012 458 2070 quolibet
483 2013 537 2055 ad
561 2014 691 2071 hujus
705 2014 951 2056 subsidium
966 2015 1240 2072 pertinentes
1264 2015 1597 2067 custodiantur-3

108 2091 150 2125 et
176 2099 273 2125 cum
305 2100 414 2142 opus
446 2083 578 2127 fuerit
612 2086 668 2126 ob
705 2086 957 2143 hujusmodi
988 2086 1249 2137 subsidium,
1289 2103 1387 2128 cum
1415 2087 1600 2129 consilio

107 2154 343 2213 dyocesani
372 2155 472 2206 loci,
515 2164 558 2198 et
588 2157 897 2215 magistrorum
942 2158 1207 2216 provisionis
1254 2158 1468 2216 predicte,
1510 2167 1599 2200 tra-

105 2225 266 2268 dantur
299 2227 619 2285 pugnatoribus
652 2228 849 2286 ejusdem
882 2229 925 2270 in
952 2237 1113 2271 terram
1153 2230 1292 2287 ipsam
1326 2230 1595 2279 transituris,

104 2296 310 2339 videlicet
357 2297 410 2339 de
455 2298 528 2340 illa
563 2298 741 2358 dyocesi
780 2300 909 2350 natis,
951 2300 1017 2342 vel
1054 2300 1168 2350 aliis,
1212 2300 1595 2350 transffretaturis,

104 2368 346 2410 scientibus
386 2377 428 2410 et
459 2369 793 2413 consulentibus
815 2387 911 2413 cum
934 2371 1113 2428 dyocesi
1135 2372 1375 2429 majoribus
1403 2372 1597 2430 ejusdem

104 2438 320 2497 dyocesis,
344 2441 586 2498 provincie,
624 2458 699 2484 seu
734 2443 861 2501 regni
883 2461 892 2493 ;
917 2451 1099 2501 propter
1128 2459 1228 2501 que,
1260 2443 1430 2494 sifiant,
1462 2443 1598 2485 multo

103 2510 253 2568 plures
280 2511 386 2553 fient
414 2511 690 2563 donationes,
727 2514 857 2555 etiam
884 2513 1015 2572 longe
1051 2516 1238 2572 majores
1273 2514 1473 2556 subsidio
1507 2531 1598 2556 me-

105 2590 296 2634 morato3
319 2582 555 2641 debitaque
584 2584 669 2626 sibi
699 2585 1112 2635 manifestabuntur,
1154 2602 1238 2644 que
1266 2586 1452 2628 tacendo
1493 2602 1598 2628 con-

105 2662 340 2695 sueverunt
360 2654 534 2712 perire3
560 2655 851 2713 mittendique
879 2665 1163 2715 pugnatores,
1189 2673 1287 2699 cum
1314 2673 1423 2715 opus
1447 2657 1593 2706 suerit,

104 2723 160 2764 ob
200 2724 282 2766 hoc
326 2724 457 2783 longe
498 2725 666 2767 facilius
706 2727 983 2784 reperientur
1024 2728 1204 2786 ubique.
1257 2730 1445 2786 Propter
1480 2728 1596 2786 quod

104 2795 374 2838 commodius
414 2796 679 2847 faciendum,
739 2798 916 2857 expedit
979 2799 1022 2841 in
1070 2799 1254 2843 consilio
1301 2800 1429 2842 statui
1479 2799 1597 2861 quod

1624 1524 1747 1551 (Ireution
1810 1524 1873 1550 d'uu

1659 1563 1746 1587 tresor
1777 1559 1810 1586 de
1848 1560 1875 1586 la

1660 1598 1743 1623 Terre
1783 1596 1874 1623 Suinte

1658 1635 1720 1668 pres
1750 1632 1783 1659 de
1809 1632 1873 1658 cha--

1658 1668 1874 1744 atzam-

1659 1743 1776 1767 cesaine.
