1942 3242
407 221 467 254 DE
498 220 916 253 RECUPERA'I'IONE
948 219 1112 252 TERRE
1143 220 1344 253 SANCTE.
1581 221 1620 252 13

129 311 260 354 rebus
291 319 334 353 et
362 310 643 353 libertatibus
669 310 848 368 Imperii
876 310 961 352 sibi
988 309 1114 352 facta.
1147 309 1389 352 Conveniat
1422 310 1551 352 etiam
1579 318 1622 352 et

127 382 357 442 promittat
378 398 455 424 rex
466 381 704 424 modernus
720 380 892 429 futurus
914 382 1153 440 imperator
1166 381 1411 423 subsidium
1429 398 1621 424 annuum

128 455 263 496 Terre
286 454 463 504 Sancte,
484 452 692 511 quamdiu
714 452 971 511 indiguerit,
998 452 1051 494 de
1072 469 1231 512 magno
1253 469 1435 495 numero
1456 468 1621 512 pugna-

126 533 287 576 torum,
319 541 429 583 quos
457 524 512 566 ad
532 524 753 582 impensas
782 539 880 566 suas
903 523 1045 566 mittat
1073 523 1127 566 ad
1153 532 1307 582 portus
1329 524 1477 575 maris,
1501 523 1622 566 suffi-

129 596 296 638 cienter
322 595 528 638 inductos
561 603 606 637 et
635 603 840 645 armatos,
872 611 970 637 cum
1005 595 1363 654 superlectilibus
1394 595 1448 638 ad
1478 596 1622 638 subsi-

129 666 248 710 dium
269 675 312 710 et
339 682 504 710 moram
530 674 714 725 propter
734 667 878 724 ipsum
906 666 1184 725 opportunis.
1203 665 1214 686 ¹

189 814 268 865 [lx]
302 809 384 856 14.
419 810 509 853 Sed
539 810 747 869 quoniam
776 809 1033 868 imperatori
1066 809 1314 868 ceterisque
1344 810 1622 868 principibus

123 898 210 941 ·pro
258 882 348 924 suis
393 882 715 941 pugnatoribus
759 880 1098 923 transfretandis
1144 889 1449 940 sumptuosum
1494 882 1622 924 nimis

130 961 246 995 esset
267 969 397 995 naves
420 961 463 994 et
483 952 686 995 victualia
708 952 958 1011 providere,
983 952 1222 1010 plurimum
1243 952 1421 1011 expedit
1436 953 1520 995 hoc
1541 969 1622 1011 pro

130 1024 318 1083 singulis
350 1024 673 1084 pugnatoribus
710 1023 1007 1082 undecunque
1040 1024 1320 1066 venientibus
1354 1041 1619 1083 procurare3

131 1095 250 1154 quod
274 1095 448 1138 videtur
482 1094 724 1145 commode,
769 1095 883 1137 salva
919 1094 1228 1137 emendatione
1266 1103 1309 1137 et
1347 1096 1623 1139 correctione

130 1168 358 1225 majorum,
391 1167 452 1209 sic
479 1166 574 1209 fieri
601 1182 758 1225 posse:

190 1238 490 1296 Hospitalarii‚
534 1238 787 1296 Templarii‚
828 1237 989 1296 aliique
1031 1237 1229 1297 religiosi
1268 1247 1451 1297 propter
1488 1240 1623 1282 Terre

133 1310 294 1352 Sancte
316 1309 562 1352 subsidium
583 1317 626 1351 et
647 1309 889 1367 presidium
911 1309 1102 1351 instituti
1130 1310 1239 1351 citra
1266 1326 1383 1352 mare
1411 1310 1623 1353 Mediter-

130 1397 311 1423 raneum
332 1389 398 1422 tot
424 1381 591 1422 habent
611 1380 828 1430 redditus,
853 1389 1109 1438 proventus,
1131 1389 1174 1422 et
1194 1381 1514 1439 possessiones,
1539 1398 1623 1440 que

126 1451 391 1510 jampridem
418 1468 572 1510 parum
601 1451 885 1510 profecerunt
913 1454 1049 1495 Terre
1079 1454 1268 1505 Sancte3
1299 1453 1482 1504 idcirco,
1514 1470 1623 1511 quo-

132 1523 248 1565 niam
269 1523 490 1566 eminente
517 1523 805 1565 neccessitate
835 1523 1002 1582 pluries
1035 1531 1186 1566 contra
1209 1540 1254 1566 se
1288 1524 1475 1566 invicem
1496 1525 1625 1567 divisi

132 1593 311 1637 fuerunt
337 1603 380 1636 et
401 1594 458 1636 ob
485 1594 569 1636 hoc
597 1594 786 1645 confusi,
818 1595 1106 1653 ipsorumque
1134 1595 1373 1655 religiones
1401 1612 1498 1638 cum
1524 1612 1624 1656 gra-

130 1665 320 1707 vissimis
348 1665 565 1707 scandalis
587 1665 791 1708 ludibriis
819 1666 1031 1724 exposite,
1063 1666 1173 1708 tales
1194 1667 1426 1726 religiosos
1448 1667 1626 1726 expedit

132 1744 175 1778 et
196 1745 418 1795 opportet,
444 1737 481 1779 si
503 1738 638 1779 Terre
663 1738 823 1780 Sancte
844 1737 1057 1795 prodesse
1081 1737 1285 1789 debeant,
1311 1738 1459 1781 unire2
1479 1747 1622 1798 gestu,

132 1807 285 1850 habitu
312 1816 356 1850 et
381 1807 536 1850 ordine
566 1808 799 1866 bonisque,
839 1816 972 1866 prout
1006 1824 1176 1851 sacrum
1205 1810 1440 1852 concilium
1466 1811 1626 1853 viderit

132 1879 340 1937 expedire
360 1897 369 1932 ;
398 1895 571 1922 necnon
593 1879 712 1938 quod
732 1879 817 1938 ipsi
836 1879 982 1922 vivant
1002 1880 1048 1921 in
1070 1882 1204 1923 Terra
1228 1882 1387 1924 Sancta
1416 1882 1469 1924 de
1497 1882 1626 1924 bonis

133 1965 218 2007 que
239 1950 403 1992 ibidem
425 1951 526 1992 etin
549 1951 684 2008 Cipro
698 1950 888 2002 habent3
913 1959 956 1993 et
977 1967 1207 2010 quousque
1223 1953 1338 1995 bona
1354 1953 1622 2011 hujusmodi,

134 2157 247 2203 longe
276 2157 396 2203 magis
424 2158 634 2203 proderunt
654 2157 763 2192 vobis
794 2164 828 2192 et
859 2158 1066 2193 heredibus
1094 2161 1232 2194 vestris
1263 2173 1374 2207 quam
1402 2167 1627 2207 potestatem

134 2205 312 2250 eligendi.
336 2204 518 2239 Dabimus
550 2206 662 2240 etiam
691 2205 845 2240 cuilibet
866 2212 1032 2240 vestrum
1054 2213 1201 2241 centum
1230 2209 1347 2243 millia
1374 2210 1431 2242 vel
1453 2210 1506 2242 110
1527 2210 1629 2244 milia

135 2252 330 2292 libraeum,
357 2265 422 2286 seu
446 2253 530 2298 plus
551 2254 608 2287 vel
629 2253 766 2293 minus,
791 2260 904 2300 prout
925 2255 1148 2289 concordari
1177 2263 1308 2301 posset
1334 2269 1404 2302 pro
1428 2257 1628 2302 stipendiis

134 2306 348 2334 vestrorum
370 2301 528 2334 militum
547 2300 595 2335 ob
612 2301 707 2334 viam
723 2302 838 2335 Terre
861 2301 994 2335 Sancte
1011 2302 1216 2342 solvendis,
1240 2316 1311 2350 que
1336 2305 1492 2350 pecunie
1515 2317 1629 2351 super

135 2347 277 2381 decima
297 2347 540 2382 ecclesiarum
563 2348 783 2383 Alemannie
805 2349 887 2395 capi
908 2356 1066 2394 possent
1086 2362 1119 2383 )).

186 2397 217 2429 1.
247 2395 300 2428 Ce
328 2397 345 2439 ξ
378 2402 435 2429 est
457 2396 677 2435 commente',
717 2409 792 2430 non
825 2396 1033 2431 seulement
1064 2409 1132 2443 par
1157 2398 1190 2431 le
1211 2400 1262 2431 De
1284 2397 1421 2439 alueo„
1449 2399 1513 2433 fol.
1537 2399 1556 2434 8
1579 2408 1625 2440 r0,

135 2442 229 2476 mais
252 2455 320 2488 par
341 2455 389 2476 un
412 2450 517 2477 autre
539 2443 718 2477 memoire
745 2445 790 2478 de
817 2443 976 2484 Dubois‚
1007 2445 1136 2490 redige
1159 2457 1244 2478 vers
1267 2447 1357 2481 1308
1386 2452 1421 2480 et
1447 2447 1595 2481 intitule
1619 2461 1626 2481 :

134 2491 208 2524 Pro
234 2492 337 2535 facto
364 2491 466 2524 Terre
496 2493 630 2526 Sancte
650 2491 710 2537 (E.
729 2491 919 2530 Boutaric.
941 2494 1163 2527 Documents
1192 2505 1258 2526 sm·
1277 2494 1452 2542 Pllc'lz'ppe
1484 2494 1515 2528 le
1549 2494 1626 2535 Bel,

136 2543 229 2571 extr.
265 2538 315 2571 du
347 2544 374 2571 t.
410 2538 488 2577 XX,
521 2540 557 2572 2⁶
590 2538 723 2584 partie,
761 2540 827 2573 des
858 2540 1007 2573 Notices
1040 2545 1073 2574 et
1102 2541 1261 2574 extraits
1292 2540 1358 2575 des
1386 2543 1626 2583 manuscrits,

136 2592 177 2617 n⁰
198 2585 327 2630 XXX).
351 2585 498 2619 Dubois
528 2598 551 2631 y
579 2586 761 2620 demande
790 2599 925 2620 encore
950 2600 956 2620 ε
991 2601 1008 2620 «
1039 2594 1076 2620 ut
1107 2589 1152 2621 de
1185 2588 1413 2633 imperatore
1444 2596 1628 2636 perpetuo

136 2633 409 2677 provideatur»
427 2647 432 2671 ;
457 2633 551 2667 mais
573 2633 664 2667 c‘est
686 2635 938 2668 nommement
952 2635 1125 2681 philippe
1142 2636 1175 2669 le
1191 2636 1257 2669 Bel
1274 2636 1363 2682 qu'il
1383 2644 1469 2671 veut
1488 2638 1625 2683 placer,

136 2685 234 2713 cette
256 2680 342 2718 fois,
367 2681 386 2713 ἐι
410 2681 443 2714 la
473 2683 546 2714 te'te
566 2681 611 2714 de
633 2681 800 2727 l'empire
823 2682 1064 2716 here'ditaire.

187 2728 220 2760 2.
250 2726 322 2761 Sur
341 2727 498 2767 l'union,
521 2728 688 2773 projetee
704 2741 772 2774 par
790 2729 975 2775 Gregoire
995 2729 1038 2769 X,
1063 2729 1216 2764 Nicolas
1239 2731 1301 2771 lv,
1322 2731 1501 2766 Boniface
1523 2732 1625 2772 VIII,

138 2773 464 2857 dfi‘isxgsslresffflge
495 2775 612 2809 Terre
652 2775 792 2817 Sainte,
825 2789 859 2810 v.
900 2777 1064 2812 Histoire
1104 2775 1297 2819 litte'raire,
1342 2779 1494 2821 XXVII,
1533 2781 1627 2826 385;

137 2833 154 2854 c
177 2848 184 2856 .
335 2849 343 2863 ,
449 2848 455 2856 .

1643 823 1683 850 On
1708 831 1775 849 aura
1796 822 1888 849 bomin

1679 858 1712 885 de
1767 858 1891 885 subsides

1678 894 1888 921 considerables.

1644 1253 1694 1279 Les
1725 1251 1800 1278 hiens
1843 1251 1891 1279 des

1680 1288 1855 1323 Hospitaliers
1865 1293 1892 1315 et

1680 1323 1891 1360 desTempliers,

1679 1360 1768 1386 mieux
1784 1363 1888 1387 amenu-

1680 1398 1737 1430 ges,
1744 1396 1892 1423 sourniront

1680 1432 1715 1458 d'i
1722 1441 1748 1458 m
1756 1441 1782 1458 m
1790 1441 1804 1459 e
1813 1442 1829 1458 n
1838 1441 1850 1459 s
1856 1441 1870 1459 e
1878 1441 1891 1459 ε

1679 1477 1843 1495 ressources.
