1942 3242
84 1088 122 1114 De
141 1087 294 1124 l’Espagne.

329 199 391 232 106
875 202 1060 235 PIERRE
1090 204 1280 238 DUBOIS.

328 305 444 340 rum,
476 290 830 342 Calabrinorum,
875 293 1127 336 Siculorum
1167 303 1211 337 et
1255 296 1453 338 omnium
1492 312 1731 354 regnorum
1772 311 1820 337 ac

330 361 658 419 provinciarum
680 379 792 421 pape
814 364 1136 416 obedientium,
1160 382 1239 424 per
1260 382 1421 408 novum
1438 367 1686 425 predictum
1699 367 1820 425 pacis

328 433 582 475 inviolabile
610 442 823 477 statutum
852 435 1106 494 ligatorum.

390 506 499 546 Item
533 521 612 563 per
639 506 758 548 hunc
796 507 975 549 modum
1017 508 1250 550 obedirent
1283 509 1463 551 domino
1500 509 1593 568 regi
1644 508 1818 567 Anglie,

330 575 566 635 Aragonie,
597 585 639 619 et
660 578 970 635 Majoricarum
1011 595 1153 637 reges,
1188 581 1396 638 quatinus
1424 581 1468 622 in
1502 580 1822 638 temporalibus

330 664 442 706 pape
472 656 684 691 tenentur
716 650 914 704 obedire,
945 650 1130 709 fierique
1157 660 1307 709 posset
1334 652 1566 694 conventio
1600 667 1700 693 cum
1729 667 1824 693 cre-

333 719 447 761 ando
476 736 580 779 rege
605 721 860 763 Guernadie
887 722 964 780 qui
994 722 1088 780 ipse
1116 722 1295 765 domino
1324 724 1417 783 regi
1454 723 1683 775 obediret3
1714 722 1824 764 forte

331 799 482 849 posset
511 792 557 834 in
597 792 786 834 concilio
817 794 1046 851 procurari
1080 794 1200 852 quod
1232 795 1424 852 injustus
1458 795 1662 837 detentor
1700 794 1827 853 regni

336 862 542 914 Castelle,
569 864 816 906 mortaliter
836 881 1026 922 peccans
1054 874 1206 908 contra
1233 865 1372 908 filium
1399 866 1545 908 fratris
1574 866 1641 908 sui
1660 865 1826 923 primo-

334 934 476 993 geniti
503 935 701 977 tenendo
730 951 917 995 regnum
946 945 1098 979 contra
1121 939 1193 995 jus
1217 953 1467 987 commune,
1495 953 1576 979 nec
1606 953 1694 979 non
1721 953 1827 978 con-

334 1013 402 1048 tra
425 1006 740 1049 conventiones
768 1007 900 1049 initas
927 1008 1043 1050 inter
1071 1017 1272 1051 sanctum
1303 1025 1452 1068 regem
1485 1008 1755 1051 Ludovicum
1785 1016 1828 1050 et

334 1086 505 1135 patrem
533 1078 674 1136 ipsius
701 1079 884 1122 violenti
911 1079 1171 1130 detentoris,
1195 1080 1388 1138 prelatos
1417 1089 1459 1122 ct
1491 1081 1678 1122 barones
1700 1079 1828 1138 regni

337 1149 542 1200 Castelle,
575 1166 675 1192 cum
704 1159 937 1193 tractatum
972 1151 1056 1193 suit
1077 1159 1119 1193 et
1147 1151 1459 1194 concordatum
1495 1151 1825 1193 matrimonium

335 1221 451 1263 inter
471 1220 609 1264 filium
626 1222 974 1281 primogenitum
995 1223 1112 1282 regis
1136 1223 1324 1266 Castelle
1347 1231 1389 1265 et
1405 1223 1627 1265 dominam
1650 1222 1823 1272 Albam,

336 1292 526 1351 predicti
567 1294 719 1336 Sancti
747 1294 897 1344 filiam,
934 1311 1067 1352 super
1095 1294 1358 1336 dimittenda
1393 1295 1518 1354 regni
1548 1294 1828 1337 successione

338 1365 578 1422 nepotibus
607 1381 659 1406 ex
684 1365 775 1407 filio
802 1366 1117 1425 primogenito,
1148 1366 1184 1407 si
1211 1374 1382 1424 patrem
1410 1382 1580 1416 eorum,
1604 1373 1737 1423 prout
1758 1380 1829 1406 ac-

338 1436 461 1486 cidit,
488 1436 704 1478 decedere
727 1437 1006 1496 contingeret
1033 1446 1132 1479 ante
1154 1454 1297 1487 avum,
1329 1437 1444 1479 salva
1467 1437 1551 1479 sibi
1578 1452 1739 1478 corona
1767 1452 1829 1477 re-

336 1508 413 1567 gni
435 1508 625 1550 Castelle
647 1524 745 1550 cum
769 1509 1098 1559 emolumentis,
1131 1509 1511 1567 compromitteret
1532 1509 1577 1550 in
1600 1507 1829 1550 dominum

337 1595 513 1637 papam,
539 1589 587 1623 ut
614 1581 709 1639 ipse
732 1580 786 1622 de
813 1581 972 1622 ceteris
993 1581 1233 1622 ordinaret.

398 1653 523 1694 Tunc
550 1652 645 1710 ipse
673 1652 928 1695 Guernadie
958 1668 1145 1711 regnum
1168 1652 1319 1710 nepoti
1350 1654 1444 1710 ejus
1467 1652 1543 1709 qui
1579 1650 1829 1693 conventio-

339 1739 439 1765 nem
462 1723 611 1782 fregit,
631 1732 673 1765 et
694 1723 815 1766 aliud
837 1740 1023 1782 regnum
1047 1724 1173 1765 alteri
1196 1724 1454 1782 assignaret,
1480 1739 1618 1781 regno
1641 1721 1830 1764 Castelle

338 1795 531 1837 violento
564 1795 812 1853 possessori
839 1795 1038 1846 dimisso,
1069 1795 1216 1837 taliter
1253 1794 1372 1852 quod
1403 1794 1503 1852 ipsi,
1534 1802 1717 1852 propter
1751 1794 1829 1834 ha-

340 1867 536 1910 bendum
559 1876 711 1909 contra
741 1869 984 1910 Saracenos
1013 1866 1262 1909 subsidium
1284 1866 1710 1925 regniFrancorum‚
1736 1866 1831 1922 ejus

340 1939 436 1998 regi
464 1939 713 1990 obedirent,
745 1947 793 1981 ut
821 1939 883 1980 sic
916 1939 1124 1981 toleraret
1152 1937 1341 1980 Castelle
1370 1953 1556 1996 regnum
1583 1936 1828 1995 possidere.

341 2011 431 2054 Nec
450 2019 566 2052 esset
593 2011 754 2053 mirum
778 2011 814 2052 si
835 2027 911 2052 rex
937 2013 1207 2053 Francorum
1234 2017 1351 2051 terre
1374 2025 1503 2067 quam
1524 2010 1619 2066 ejus
1640 2016 1831 2050 anteces—

344 2098 416 2125 sor
445 2082 633 2125 Karolus
661 2084 850 2141 Magnus
878 2081 1115 2140 adquisivit
1149 2080 1379 2124 Saracenis
1417 2079 1627 2137 expulsis,
1669 2087 1712 2120 et
1747 2094 1832 2136 que

343 2155 473 2196 matri
501 2155 651 2197 Sancti
681 2154 891 2196 Ludovici
910 2169 988 2211 per
1011 2153 1336 2195 successionem
1359 2151 1552 2201 obvenit,
1577 2150 1832 2209 homagium

344 2243 392 2269 ac
408 2226 713 2268 obedienciam
735 2226 933 2275 haberet,
956 2224 1054 2267 utili
1067 2223 1264 2265 dominio
1284 2223 1502 2281 IIyspanis
1525 2222 1642 2264 salvo
1661 2240 1670 2273 3
1701 2237 1834 2279 super

344 2315 432 2356 quo
472 2298 679 2340 dominus
718 2313 829 2355 papa
870 2295 1016 2355 quoad
1043 2295 1345 2337 obedienciam
1374 2294 1501 2352 regni
1529 2293 1717 2335 Castelle
1757 2292 1833 2334 de-

345 2386 466 2412 mum
490 2369 730 2419 ordinaret,
757 2368 914 2410 ceteris
936 2366 1265 2425 provisionibus
1294 2365 1492 2415 firmatis,
1518 2364 1710 2423 dominis
1728 2365 1833 2406 Fer-

344 2442 490 2483 nando
513 2450 556 2483 et
583 2443 678 2499 ejus
707 2440 839 2482 fratre
863 2455 939 2482 sua
962 2454 1096 2497 regna
1123 2437 1260 2479 libere
1282 2436 1629 2495 possidentibus,
1655 2434 1833 2477 domino

345 2530 447 2572 rege
470 2522 718 2555 ceterorum
737 2518 1062 2570 conquestuum
1084 2509 1385 2567 predictorum
1416 2507 1694 2566 possessione
1725 2521 1833 2564 gau-

344 2585 491 2627 dente.

404 2732 560 2782 [Lxxll]
586 2727 701 2773 117.
734 2725 972 2785 Expediret
996 2725 1124 2766 etiam
1149 2741 1200 2766 ex
1231 2739 1347 2765 nunc
1379 2720 1497 2780 quod
1528 2719 1734 2761 dominus
1759 2735 1834 2760 rex

346 2809 387 2845 et
403 2802 497 2865 ejus
516 2799 648 2841 frater
671 2799 713 2841 in
743 2798 930 2839 concilio
952 2797 1178 2839 firmarent
1201 2803 1242 2836 et
1265 2801 1501 2854 quererent
1526 2792 1608 2835 sibi
1631 2790 1831 2836 consede-
