1942 3242
797 299 880 339 DE

144 477 841 553 RECUPERATIONE
895 475 1165 551 TERRE
1222 474 1540 550 SANGTE

158 867 460 911 Illustrissimo
496 867 689 926 principi
722 866 923 909 militaris
958 866 1063 908 artis
1097 881 1146 908 ac
1183 867 1277 924 ejus
1311 867 1590 925 experiencie

97 940 238 983 titulis
264 955 343 998 pre
370 939 528 981 ceteris
556 938 760 981 omnibus
780 938 994 997 insignito
1032 937 1210 979 domino
1239 937 1490 988 Eudoardo,
1523 938 1590 980 di-

96 1012 196 1054 vina
235 1010 406 1054 favente
438 1011 584 1070 gracia
626 1009 801 1069 Anglie,
836 1009 984 1052 Scotie
1015 1009 1126 1068 regi,
1167 1008 1346 1051 domino
1378 1010 1586 1060 Ybernie,

99 1083 289 1141 ducique
319 1082 556 1140 Aquitanie
585 1081 966 1131 christianissimo,
998 1081 1204 1123 minimus
1232 1097 1407 1123 suarum
1439 1097 1590 1124 causa-

98 1170 194 1197 rum
217 1153 614 1196 ecclesiasticarum
641 1152 825 1195 ducatus
847 1151 1044 1210 ejusdem
1071 1161 1300 1210 patronus,
1326 1152 1380 1194 ad
1401 1153 1590 1195 servien-

98 1226 201 1268 dum
240 1225 296 1276 ei,
327 1224 591 1283 jampridem
632 1240 752 1266 mero
796 1223 1047 1266 dilectionis
1089 1223 1301 1266 naturalis
1340 1224 1591 1282 regalisque

96 1297 270 1339 virtutis
312 1296 484 1346 ardore,
534 1295 655 1338 nullo
699 1296 838 1354 petito
885 1304 928 1337 et
977 1295 1190 1338 hactenus
1234 1295 1381 1338 oblato
1433 1296 1591 1339 salario

98 1376 257 1418 motus,
300 1383 398 1410 cum
435 1383 602 1409 summe
645 1367 895 1409 desiderato
935 1382 1217 1408 successuum
1263 1367 1586 1418 inchremento,

98 1440 283 1482 salutem
310 1439 354 1481 in
377 1455 429 1481 eo
451 1455 530 1497 per
552 1454 681 1497 quem
709 1454 860 1480 omnes
883 1454 1010 1497 reges
1032 1439 1124 1480 veri
1146 1447 1334 1497 regnant
1355 1447 1398 1481 et
1423 1439 1590 1498 princi-

97 1527 175 1570 pes
197 1510 492 1554 dominantur.

157 1657 205 1708 [1]
244 1656 292 1698 1.
329 1653 547 1708 Quoniam
575 1652 771 1713 intellexi
802 1669 876 1695 vos
905 1660 952 1694 ut
993 1668 1143 1694 verum
1183 1669 1332 1712 regem
1366 1654 1588 1713 magnani-

100 1742 218 1768 mum
250 1724 635 1784 magnificumque,
670 1740 757 1766 non
793 1724 930 1766 solum
978 1740 1075 1766 cum
1102 1741 1304 1783 regnare,
1346 1725 1423 1767 sed
1459 1726 1588 1768 etiam

99 1805 258 1840 extunc
285 1813 382 1839 cum
419 1796 561 1854 primo
590 1796 776 1838 militare
805 1795 1000 1854 cepistiS,
1031 1804 1252 1854 tamquam
1278 1813 1427 1839 verum
1455 1797 1589 1856 legis-

99 1866 323 1918 latorem¹,
356 1868 569 1910 hactenus
601 1883 810 1909 summam
843 1882 1020 1924 operam
1051 1866 1226 1909 dedisse
1257 1868 1311 1909 ad
1342 1868 1589 1911 faciendum

99 1940 239 1981 bonos
267 1955 417 1980 omnes
444 1947 612 1980 vestros
636 1938 852 1988 subditos,
876 1938 1097 1996 proximos
1131 1947 1174 1980 et
1196 1941 1470 1997 conjunctos,
1502 1957 1589 1982 non

101 2010 240 2052 solum
279 2017 397 2051 metu
436 2025 664 2067 penarum,
705 2009 783 2051 sed
821 2009 947 2051 etiam
988 2026 1246 2069 magnorum
1286 2012 1590 2054 exhortatione

101 2080 322 2139 frequenti
362 2080 660 2138 premiorum3
699 2079 961 2139 demumque
993 2081 1166 2140 guerris
1199 2075 1356 2124 vestris
1384 2082 1587 2134 feliciter,

101 2152 372 2194 exercituum
395 2159 550 2210 agente
579 2151 767 2193 Domino
796 2167 899 2210 rege
928 2168 1095 2211 regum,
1126 2169 1147 2194 a
1177 2169 1264 2211 quo
1292 2154 1406 2196 bona
1434 2163 1591 2197 cuncta

101 2223 364 2282 procedunt,
395 2224 482 2281 jam
513 2223 718 2280 peractis,
744 2222 840 2265 loco
884 2224 1044 2281 quietis
1085 2240 1213 2282 quam
1254 2225 1327 2267 alii
1366 2226 1591 2284 principes

101 2303 202 2354 post
222 2302 368 2336 tantos
390 2294 563 2336 labores
590 2293 810 2353 longeque
838 2295 1029 2336 minores
1057 2295 1221 2354 eligere
1249 2306 1587 2348 consueverunt,

102 2366 156 2408 ad
177 2367 311 2408 Terre
340 2366 500 2408 Sancte
527 2365 922 2423 recuperationem,
952 2374 1000 2408 ut
1027 2366 1080 2408 de
1113 2367 1314 2409 manibus
1347 2368 1590 2410 infidelium

101 2437 328 2496 eripiatur,
348 2445 540 2478 vestrum
561 2436 801 2494 gloriosum
823 2438 1014 2479 animum
1037 2437 1206 2479 fortiter
1221 2439 1457 2481 inclinasse
1476 2458 1485 2491 3
1510 2440 1587 2490 sic,

101 2508 484 2567 appropinquante
519 2516 760 2558 senectute,
791 2516 941 2550 contra
973 2509 1215 2551 naturalem
1250 2510 1420 2552 solitam
1455 2511 1591 2553 homi-

150 2706 183 2739 1.
213 2703 393 2738 Edouard
408 2703 455 2737 1⁰¹·
470 2709 527 2737 est
545 2715 589 2737 en
608 2704 694 2737 ess'et
708 2703 742 2736 le
758 2703 979 2749 legislateur
994 2716 1062 2750 par
1082 2705 1292 2739 excellence
1308 2706 1353 2739 de
1370 2705 1402 2739 la
1419 2707 1592 2752 dynastie

103 2752 171 2786 des
202 2752 494 2797 Plantagenets5
525 2751 571 2784 cf.
594 2750 659 2785 W.
683 2750 839 2795 stubbs,
867 2751 936 2786 The
961 2751 1255 2787 Constitutional
1273 2753 1427 2800 History
1457 2755 1503 2799 of
1518 2755 1593 2788 En-

102 2797 236 2845 gland,
261 2805 286 2833 t.
308 2799 356 2839 11,
380 2798 538 2838 Oxford,
564 2799 668 2839 1883,
691 2810 728 2844 p.
750 2800 831 2833 109.

267 2877 384 2908 Pierre
403 2875 541 2907 Dubots.
1412 2877 1424 2906 1

1669 883 1797 910 Adresse.

1654 1669 1811 1697 Prenmbule
