1942 3242
63 1620 192 1647 niffieulte
203 1620 236 1647 de
245 1619 310 1646 l'en-

97 1656 210 1692 treprise
237 1655 310 1683 d'ou-

97 1697 218 1719 tre-mer.

335 227 353 259 2
880 224 1061 258 PIERRE
1090 224 1281 258 DUBOIS.

336 338 439 364 num
482 321 829 371 inclinationem,
876 336 1022 362 veram
1067 319 1385 378 perfectionem
1430 319 1702 363 fortitudinis
1746 337 1826 379 per

335 394 634 452 agressionem
655 391 938 441 terribilium,
963 391 1007 432 in
1030 391 1191 449 quibus
1219 406 1336 432 mors
1367 392 1566 449 corporis
1593 392 1756 434 eminet
1783 400 1826 434 et

334 481 386 506 ex
416 465 576 522 quibus
597 464 736 506 oritur
758 463 899 504 anime
928 462 1030 512 vita,
1061 478 1159 504 cum
1192 461 1378 504 ferventi
1405 461 1625 504 desiderio
1652 479 1824 522 magna-

334 536 510 577 nimiter
529 532 883 592 amplectentes¹.
904 533 1075 575 Idcirco
1097 549 1195 591 ego,
1209 532 1312 575 licet
1325 532 1510 574 consilio
1531 533 1751 585 minimus,
1770 533 1824 576 de

333 606 568 664 largitione
591 604 867 647 misericordi
887 603 1124 663 prudentie
1145 603 1384 654 Creatoris‚
1409 620 1488 662 per
1516 620 1562 646 se
1589 603 1643 646 de
1670 621 1715 647 se
1735 613 1823 648 tam

332 677 438 719 boni
477 676 595 735 quod
627 676 771 718 omnia
813 676 928 717 bona
967 675 1114 717 taliter
1147 683 1249 717 sunt
1277 675 1323 717 in
1362 691 1414 717 eo
1449 691 1529 733 per
1562 675 1819 726 essenciam‚

333 747 451 806 quod
487 748 631 789 omnia
665 746 816 788 mondi
849 746 965 788 entia
999 747 1300 804 cujuscunque
1331 745 1598 788 conditionis
1631 746 1823 789 existunt

330 835 409 877 per
451 819 586 861 solam
617 817 1000 876 participationem
1039 817 1248 859 bonitatis
1288 819 1398 875 ejus,
1435 825 1567 876 prout
1603 817 1643 859 ei
1682 818 1821 877 magis

330 890 642 939 assimilantur,
667 905 754 931 non
777 888 917 930 solum
936 898 960 930 'a
981 888 1226 938 catholicis,
1245 888 1376 936 immo
1392 889 1521 930 etiam
1542 889 1595 930 ab
1617 889 1820 931 omnibus

329 961 555 1003 utentibus
582 960 888 1019 philosophica
918 960 1104 1009 ratione,
1135 960 1250 1002 bona
1276 959 1518 1002 secundum
1546 959 1645 1018 plus
1672 968 1715 1002 et
1745 961 1819 1002 mi-

329 1049 409 1074 nus
439 1032 530 1074 fore
558 1031 814 1081 creduntur,
853 1030 1041 1072 naturali
1063 1030 1284 1072 desiderio
1313 1030 1430 1089 quod
1458 1030 1698 1073 secundum
1719 1031 1818 1074 Phi-

329 1104 562 1161 losophum
594 1103 755 1144 frustra
791 1118 878 1143 non
911 1102 1043 1143 debet
1075 1118 1171 1144 esse
1199 1110 1342 1144 motus
1368 1110 1514 1144 vestro
1550 1117 1819 1144 concurrens

329 1175 558 1233 appetitui,
589 1182 731 1216 vestre
753 1174 936 1215 maxime
958 1172 1175 1215 bellorum
1202 1173 1480 1231 experiencie
1501 1189 1550 1215 ac
1577 1173 1818 1231 prudencie

328 1262 406 1304 per
449 1245 624 1305 longam
661 1245 983 1303 experienciam
1028 1245 1258 1302 acquisite,
1288 1244 1479 1286 breviter
1518 1252 1715 1302 tangere,
1755 1244 1818 1286 fa-

329 1325 455 1359 vente
489 1325 532 1359 et
567 1324 778 1374 operante
812 1331 977 1357 summa
1009 1316 1091 1357 Dei
1125 1315 1362 1373 sapiencia,
1404 1331 1606 1373 propono
1640 1331 1725 1374 que
1765 1315 1819 1358 ad

330 1388 709 1446 recuperationem
763 1396 805 1429 et
865 1386 1243 1429 conservationem
1300 1387 1434 1429 Terre
1494 1387 1654 1429 Sancte
1711 1386 1819 1429 mihi

329 1459 534 1502 videntur
556 1458 844 1508 neccessaria‚
871 1457 1142 1500 conferentia
1169 1473 1217 1500 ac
1245 1458 1375 1499 etiam
1397 1465 1629 1515 oportuna.

390 1606 455 1656 [11]
491 1601 539 1646 2.
576 1600 706 1655 Quod
741 1600 918 1642 nonnisi
954 1616 1033 1657 per
1067 1599 1389 1641 sanctissimum
1417 1608 1601 1657 patrem,
1633 1599 1817 1641 amicum

330 1682 536 1723 vestrum,
571 1671 716 1714 divina
739 1671 1020 1729 providencia
1051 1679 1328 1713 sacrosancte
1362 1686 1538 1712 romane
1572 1686 1620 1712 ac
1647 1670 1816 1712 univer-

329 1745 430 1786 salis
469 1744 653 1786 ecclesie
691 1758 906 1785 summum
937 1741 1207 1800 pontificem,
1245 1758 1341 1783 cum
1378 1757 1556 1783 assensu
1597 1741 1817 1800 generalis

328 1816 503 1858 concilii
547 1815 741 1856 omnium
787 1813 1104 1855 catholicorum
1149 1813 1400 1871 principum
1446 1821 1489 1854 et
1527 1812 1814 1870 prelatorum,

328 1887 510 1929 sublatis
552 1885 894 1944 impedimentis,
931 1883 1146 1926 ordinatis
1176 1884 1380 1926 omnibus
1412 1883 1742 1925 conferentibus
1775 1891 1818 1925 et

326 1958 572 2016 oportuniS,
614 1972 743 2015 posse
782 1955 876 1997 fieri
918 1955 1118 1997 videtur:
1169 1955 1375 2013 quoniam
1416 1954 1489 1996 illa
1526 1962 1643 1996 terra
1685 1970 1818 2012 super

326 2029 430 2071 alias
464 2044 614 2070 omnes
647 2028 826 2086 optima,
865 2026 1119 2068 testimonio
1158 2025 1413 2076 Salvatoris,
1457 2025 1716 2068 mirabiliter
1752 2033 1818 2067 est

325 2100 532 2158 populata
563 2095 793 2142 Saracenis
822 2098 897 2156 qui
923 2097 1062 2155 ipsam
1090 2105 1377 2155 occuparunt,
1403 2097 1609 2155 quoniam
1636 2096 1698 2138 eis
1727 2112 1815 2138 sec·

323 2180 411 2213 tam
430 2170 685 2213 tenentibus
712 2184 959 2218 veneream,
984 2168 1224 2210 liberorum
1259 2168 1556 2226 procreationi
1587 2175 1629 2210 et
1656 2167 1815 2209 educa-

324 2243 434 2284 tioni
464 2250 675 2300 quantum
702 2240 801 2298 plus
828 2247 1033 2297 poterant
1062 2238 1183 2281 nullo
1217 2247 1400 2296 excepto
1421 2239 1692 2288 vacantibus,
1727 2253 1814 2279 non

325 2312 600 2355 sufficiebant
637 2311 771 2354 multe
804 2311 1009 2369 regiones
1047 2318 1091 2352 et
1130 2326 1266 2369 regna
1300 2309 1415 2352 dicte
1461 2319 1578 2352 terre
1617 2309 1814 2367 proxima

323 2401 474 2426 versus
511 2384 741 2434 orientem,
781 2382 1070 2432 occidentem,
1107 2389 1150 2423 et
1187 2381 1414 2423 meridiem
1447 2380 1643 2438 ejusdem
1679 2382 1814 2423 Terre

371 2540 403 2572 1.
433 2538 502 2572 Cet
520 2538 627 2582 eloge
650 2536 866 2570 d'Edouard
889 2537 935 2569 1⁰¹·
953 2542 1010 2570 est
1030 2536 1182 2577 merite;
1207 2547 1279 2581 peu
1300 2536 1345 2569 de
1364 2535 1514 2581 princes
1533 2540 1599 2569 ont
1619 2546 1665 2568 eu
1682 2539 1812 2568 autaut

323 2599 393 2632 que
416 2586 468 2618 lui
490 2586 522 2618 le
552 2585 655 2618 sonci
689 2585 754 2617 des
785 2584 976 2618 destiuees
1007 2585 1052 2618 de
1082 2583 1244 2617 I'Orient
1265 2583 1368 2616 latin.
1393 2583 1519 2628 Voyez
1548 2588 1656 2616 notre
1681 2581 1811 2616 article

321 2633 469 2666 intitule
494 2645 500 2665 2
528 2634 661 2666 Lettres
682 2630 838 2664 z'neidites
860 2637 1082 2665 concernunt
1103 2630 1153 2665 les
1175 2629 1367 2665 croisades
1390 2631 1483 2663 dans
1505 2630 1539 2664 la
1551 2628 1811 2676 Bibliotlieque

322 2680 365 2714 tle
398 2678 532 2713 l‘Ecole
565 2679 629 2713 des
666 2678 830 2717 Chartes,
865 2680 967 2716 1891,
989 2691 1025 2724 p.
1049 2679 1105 2714 45.
1125 2698 1171 2704 —
1202 2678 1274 2711 Les
1307 2677 1527 2711 redacteurs
1553 2678 1598 2710 de
1629 2676 1810 2710 for-mules

321 2727 560 2773 epistolaires
581 2726 835 2770 s'cxercaient‚
862 2726 881 2759 ἐι
903 2727 936 2760 la
958 2726 1008 2760 fin
1028 2727 1077 2759 du
1098 2734 1181 2759 XI11⁰
1201 2725 1326 2765 siecle,
1352 2737 1417 2758 sur
1438 2725 1470 2758 le
1488 2724 1611 2758 theme
1633 2735 1704 2770 que
1728 2723 1810 2756 leur

321 2775 543 2808 fournissait
566 2775 598 2807 le
620 2773 697 2806 zcle
724 2772 810 2806 bien
833 2785 956 2807 connu
977 2774 1026 2807 du
1056 2774 1112 2807 roi
1141 2772 1402 2818 d'Angleterre
1423 2783 1519 2817 pour
1541 2772 1573 2804 la
1596 2771 1808 2804 delivrance

321 2824 365 2857 de
386 2823 418 2856 la
441 2822 556 2855 Terre
580 2821 705 2854 Saiute
727 2819 844 2865 (Bibl.
869 2821 914 2854 de
937 2820 1133 2860 l’Arsenal,
1160 2832 1230 2853 ms.
1252 2827 1293 2852 n⁰
1315 2820 1394 2858 854,
1420 2819 1484 2853 fol.
1509 2819 1576 2853 2¹15
1598 2818 1663 2863 v0).
