1942 3242
386 221 444 254 DE
473 218 892 253 RECUPERATIONE
922 216 1084 250 TERRE
1115 217 1312 250 SANCTE.
1555 218 1596 251 95

100 322 261 363 torum,
298 310 418 370 quod
444 327 453 352 z
496 311 565 352 Ita
595 326 648 351 ea
680 310 894 367 disposuit
915 309 1034 350 Deus
1059 308 1278 366 gloriosus
1307 318 1348 349 et
1373 308 1596 361 sublimis,·

103 393 146 427 et
170 384 216 426 in
248 383 362 426 libro
393 381 488 424 Celi
515 389 558 423 et
586 379 754 430 Mondi,
785 379 876 421 ait:
919 379 1044 421 Ultra
1079 379 1215 420 celum
1236 382 1431 436 primum
1463 379 1599 421 niclzil

103 466 180 509 est,
211 458 298 497 nisi
322 455 442 496 locus
462 455 545 495 Dei
563 463 604 494 et
629 455 877 510 spirituum,
903 460 943 492 et
964 454 1100 493 virtus
1134 459 1174 491 et
1195 450 1344 508 gloria
1365 453 1409 492 in
1447 451 1596 492 secula

103 527 381 578 seculorum,·
409 532 452 566 et
473 524 660 567 Jacobus
682 521 937 580 Apostolus,
968 529 1016 563 ut
1037 521 1185 572 credo,
1212 521 1265 563 de
1293 521 1390 579 ipso
1412 521 1597 579 loquens

105 596 185 640 ait¹
217 614 224 639 :
261 596 395 654 Apud
425 611 550 654 quem
590 610 676 636 non
711 603 774 635 est
812 596 1139 644 transmutatio,
1180 608 1258 634 nec
1292 594 1598 634 vicissitudinis

106 669 396 711 obumbratio.
435 667 483 710 Si
522 682 627 725 ergo
664 666 758 723 ipse
795 673 861 706 est
892 680 967 706 rex
997 672 1039 705 et
1072 671 1192 705 actor
1225 663 1345 721 pacis
1378 680 1427 706 ac
1454 672 1594 722 pater,

107 749 150 782 et
177 738 402 798 Dyabolus
429 746 555 795 pater
581 745 624 778 et
651 744 772 778 actor
794 734 1102 785 dissensionis,
1128 734 1366 776 sedicionis
1393 743 1437 776 et
1475 751 1598 777 men-

107 810 236 861 dacii,
261 809 538 852 neccessario
561 807 761 866 sequitur
782 806 901 864 quod
928 822 1079 847 omnes
1100 805 1288 863 pacifici,
1332 814 1374 847 et
1402 822 1598 864 quacun-

108 898 193 940 que
223 881 384 923 virtute
410 888 498 922 tarn
525 878 713 921 naturali
742 894 871 936 quam
903 876 1057 918 morali
1093 876 1312 934 adquisita
1350 877 1418 919 vel
1456 877 1600 919 infusa

107 952 306 1003 virtuosi,
332 968 411 1010 per
431 950 815 1009 participationem
838 948 1012 990 virtutis
1044 948 1182 1006 ipsius
1210 948 1293 990 Dei
1318 949 1504 990 virtuosi
1535 948 1602 990 di·-

110 1032 296 1075 cuntur3
327 1031 370 1065 et
397 1022 534 1082 magis
561 1021 693 1063 finem
720 1029 763 1062 et
784 1021 945 1070 minus,
971 1019 1213 1061 secundum
1252 1019 1371 1077 quod
1397 1020 1497 1078 plus
1535 1020 1602 1062 vel

110 1095 253 1138 minus
281 1094 577 1137 assimilantur
598 1092 757 1142 eidem,
789 1100 831 1134 et
852 1093 946 1149 ejus
977 1091 1241 1149 participant
1265 1099 1481 1142 naturam,
1518 1107 1603 1149 que

110 1175 176 1209 est
213 1182 298 1208 una
327 1164 666 1224 simplicissima,
696 1172 842 1205 tamen
876 1163 1022 1205 omnia
1049 1162 1352 1220 complectens
1389 1171 1432 1204 et
1461 1163 1604 1205 conti-

110 1254 237 1288 nenS‚
262 1237 469 1295 quoniam
503 1252 591 1278 non
614 1235 754 1277 solum
775 1233 986 1292 perfecta,
1012 1234 1143 1275 immo
1176 1233 1527 1292 perfectissima3
1561 1243 1604 1276 et

110 1309 147 1351 si
168 1308 412 1368 perfectum
442 1316 508 1349 est
541 1308 612 1349 cui
645 1306 782 1349 nichil
817 1305 955 1355 deest,
993 1305 1046 1347 de
1080 1306 1250 1347 ratione
1290 1306 1496 1356 nominis,
1540 1307 1603 1347 sic

109 1396 232 1439 ergo,
253 1379 391 1422 multo
407 1378 777 1427 fortioriratione‚
796 1376 1167 1435 perfectissimum
1190 1376 1310 1435 quod
1322 1385 1388 1418 est
1405 1377 1599 1427 unicum,

110 1452 227 1510 quia,
259 1451 378 1509 quod
404 1467 483 1509 per
511 1448 1000 1508 superhabundanciam
1023 1448 1200 1499 dicitur,
1235 1448 1311 1490 uni
1340 1448 1423 1490 soli
1450 1464 1602 1490 conve-

109 1523 175 1564 nit
202 1522 263 1579 (in
296 1522 451 1580 quinto
484 1521 815 1579 Metaphisice):
861 1520 1042 1562 Omnem
1083 1523 1177 1562 sine
1214 1521 1382 1578 defectu
1418 1523 1605 1562 continet

102 1594 412 1653 perfectionem
420 1625 429 1634 .

171 1665 244 1708 Sic
266 1680 387 1724 erg0‚
413 1672 460 1706 ut
488 1671 723 1706 senserunt
741 1662 1012 1721 philosophi,
1043 1678 1195 1704 omnes
1228 1663 1412 1705 virtutes
1435 1671 1537 1704 sunt
1558 1663 1603 1705 in

109 1737 203 1779 Deo
229 1752 309 1794 per
330 1735 573 1777 essenciam
591 1752 600 1787 3
625 1743 668 1776 et
688 1734 803 1776 idem
826 1742 928 1775 sunt
943 1750 1038 1776 cum
1062 1734 1174 1791 ip50‚
1199 1743 1242 1775 et
1261 1735 1314 1776 ab
1334 1734 1431 1792 ipso
1452 1750 1602 1792 proce-

110 1807 247 1860 dunt3
279 1808 332 1850 ab
360 1807 456 1849 aliis
477 1807 797 1865 participantur
817 1822 897 1864 per
924 1805 1297 1847 assimilationem.
1341 1806 1445 1856 Sed,
1475 1814 1523 1847 ut
1544 1807 1604 1848 ait

112 1879 408 1936 Philosophus
427 1896 434 1920 :
470 1880 612 1921 Virtus
634 1889 697 1919 est
721 1878 894 1919 liabitas
919 1879 972 1918 cle
992 1878 1164 1935 difficili
1183 1878 1353 1920 mobilis
1372 1896 1381 1929 ;
1411 1886 1454 1919 et
1482 1893 1603 1919 sacra

114 1950 343 2007 Scriptura
363 1958 550 1992 testatur
565 1949 592 1990 2;
620 1950 725 1990 Cum
745 1965 892 1990 omncs
909 1952 1084 1991 virtutes
1106 1950 1286 1990 tendant
1306 1949 1362 1990 ab
1386 1949 1600 1999 bravium,

111 2022 207 2063 sola
237 2024 577 2078 perseverancia
619 2030 877 2071 coronatum
927 2035 1170 2078 parumque
1210 2020 1393 2078 prodest
1430 2020 1604 2062 cadenti

112 2093 225 2134 bona
260 2091 431 2142 secisse,
473 2091 681 2149 quoniam
709 2091 785 2149 qui
815 2090 1001 2133 offendit
1047 2092 1090 2133 in
1119 2107 1207 2133 uno
1238 2091 1377 2133 factus
1412 2099 1479 2133 est
1510 2107 1604 2133 om-

114 2164 235 2206 nium
266 2179 380 2205 reus.

176 2235 248 2277 Sic
277 2250 382 2293 ergo
404 2242 529 2292 pater
568 2234 765 2276 omnium
793 2234 1054 2284 animarum,
1090 2250 1285 2276 summus
1316 2234 1600 2292 apostolicus,

114 2305 266 2365 legens
287 2306 340 2347 ab
362 2306 532 2364 origine
554 2305 704 2347 mondi
731 2321 871 2363 usque
893 2321 1010 2347 nunc
1032 2305 1234 2346 homines
1256 2305 1380 2347 valde
1409 2305 1462 2346 de
1488 2305 1605 2348 facili

115 2377 248 2419 fuisse
277 2377 484 2419 continue
507 2385 646 2418 motos
669 2377 724 2418 ad
751 2376 992 2418 seditiones
1031 2385 1074 2418 et
1101 2376 1231 2426 bella,
1269 2376 1412 2418 facere
1454 2377 1605 2419 volens

114 2463 266 2490 omnes
295 2448 534 2490 catholicos
555 2447 777 2505 pacificos,
812 2455 855 2489 et
882 2463 960 2505 per
990 2447 1073 2489 hoc
1106 2447 1187 2489 Dei
1216 2447 1344 2498 filios,
1376 2463 1399 2489 a
1431 2449 1606 2505 subjec-

113 2519 234 2561 tione
261 2519 497 2561 demonum
532 2526 740 2569 remotos,
771 2518 1056 2560 considerans
1094 2518 1361 2576 Scripturas,
1404 2519 1606 2577 predica-

113 2590 256 2632 tiones
283 2599 326 2632 et
353 2606 488 2648 penas
516 2590 666 2632 solitas
693 2589 747 2631 ad
767 2590 851 2631 hoc
871 2605 960 2631 non
984 2588 1199 2640 sufficere,
1223 2606 1408 2647 querere
1429 2598 1607 2632 tenetur

166 2757 197 2790 1.
226 2754 456 2800 Jac.,1,17.

167 2815 197 2848 2.
230 2815 378 2855 Manli„
402 2815 534 2855 XXIV,
561 2817 617 2850 13.
