1942 3242
346 251 384 283 72
892 251 1079 283 PIERRE
1108 251 1299 284 DUBOIS.

345 339 632 399 predicando,
669 341 882 399 majorum
920 341 1246 399 predicationes
1282 340 1541 399 repetendO,
1583 341 1840 385 collationes

346 411 502 454 breves
530 411 805 471 frequentius
832 411 1048 455 faciendo.

78 566 328 604 Instructionprati-
407 559 495 609 [LV]
518 554 599 600 89.
644 555 781 608 Queri
807 563 957 612 posset
985 555 1173 613 qualiter
1206 555 1370 613 jurium
1400 554 1590 596 scolares
1630 556 1675 597 in
1709 571 1840 615 expe-

113 603 327 667 ffi'ainiigidiiii:
347 626 514 668 riencia
531 625 761 684 judicandi
777 634 820 668 et
835 626 1089 684 postulandi
1111 626 1284 668 modico
1305 635 1505 684 tempore
1519 635 1729 684 poterunt
1746 643 1840 670 eru·

349 697 449 740 diri.
475 697 542 740 Ad
565 713 693 756 quam
707 697 1029 756 experienciam
1049 697 1377 756 acquirendam,
1404 713 1488 755 que
1516 697 1649 756 longo
1671 697 1842 758 indiget

347 776 562 827 tempore,
592 777 724 827 prout
745 778 962 811 noverunt
988 786 1067 828 per
1096 786 1141 811 se
1169 770 1288 828 ipsos
1315 769 1380 811 illi
1402 769 1654 827 quicunque
1676 769 1722 811 in
1747 769 1840 812 tali-

348 841 430 883 bus
451 840 722 892 laborarunt,
749 849 791 883 et
818 857 906 883 non
929 841 1197 894 laborantes,
1229 841 1305 899 qui
1326 841 1499 883 labores
1521 840 1704 883 aliorum
1734 857 1840 883 con-

348 911 666 963 siderarevunt,
692 920 735 954 et
749 920 797 954 ut
818 912 1098 955 addiscerent
1118 912 1374 972 diligentius
1393 920 1698 970 respexerunt,
1719 914 1841 971 juxta

348 999 577 1026 commune
598 983 763 1026 dictum
792 983 1107 1043 Hugucionis¹‚
1139 984 1289 1043 magni
1313 983 1478 1042 jurium
1506 983 1716 1035 doctoris,
1743 999 1841 1026 cum

348 1055 433 1097 ait:
464 1055 590 1097 Felix
609 1071 733 1114 quem
760 1057 936 1114 faciant
961 1056 1109 1098 aliena
1121 1056 1327 1114 pericula
1350 1065 1545 1097 cautam.

406 1127 625 1184 Perquam
653 1125 832 1169 difficile
868 1127 1043 1169 videtur
1071 1135 1326 1185 competens
1357 1134 1399 1168 et
1434 1126 1664 1184 probabile
1701 1142 1842 1169 reme-

348 1197 483 1247 dium,
510 1197 628 1256 quod
650 1197 904 1240 admittatur
927 1207 969 1240 et
991 1199 1047 1240 sit
1067 1198 1298 1240 tolerabile
1329 1198 1550 1256 reperire3
1583 1206 1728 1240 tamen
1758 1198 1842 1240 hoc

347 1269 443 1311 fieri
465 1277 530 1310 est
551 1269 778 1327 possibile,
804 1269 907 1311 licet
935 1268 1129 1312 difficile.
1165 1271 1287 1312 Sicut
1305 1269 1421 1311 enim
1443 1269 1502 1311 ait
1520 1269 1838 1327 Philosophus:

347 1341 540 1382 Materia
565 1344 715 1398 prima
744 1342 797 1382 (le
838 1356 884 1382 se
915 1342 1083 1383 nullam
1119 1341 1250 1383 habet
1276 1342 1488 1400 formam,
1526 1344 1654 1382 immo
1698 1351 1762 1382 est
1799 1344 1842 1383 in

339 1415 546 1470 potencia
582 1413 644 1454 ad
680 1428 827 1454 omnes
848 1413 1062 1470 forma33
1094 1421 1136 1454 et
1169 1412 1335 1454 idcirco
1374 1411 1481 1453 dicit
1507 1411 1838 1470 Philosophus:

348 1483 541 1524 Materia
563 1484 609 1525 id
635 1484 751 1542 quod
770 1486 813 1525 in
831 1487 1040 1542 potencia
1062 1493 1125 1525 est
1137 1499 1153 1537 ;
1167 1485 1317 1542 forma
1346 1499 1444 1526 vero
1465 1493 1528 1525 est
1547 1493 1671 1525 aecus
1690 1493 1730 1525 et
1736 1499 1839 1542 per-

343 1555 475 1612 sectio
501 1555 734 1612 cujuslibet
752 1558 991 1613 compositi.
1016 1554 1225 1599 Videmus
1251 1554 1370 1612 quod
1395 1554 1552 1612 globus
1583 1570 1700 1604 cere,
1731 1562 1842 1596 tam-

350 1641 479 1682 quam
509 1625 705 1675 materia‚
749 1626 908 1684 recipit
935 1626 1151 1684 equaliter
1181 1642 1332 1668 omnes
1361 1625 1522 1667 formas
1555 1625 1608 1667 de
1638 1625 1843 1684 potencia

349 1696 530 1738 materie
557 1712 636 1755 per
663 1696 926 1740 industriam
948 1697 1180 1748 artificum,
1211 1705 1254 1740 et
1281 1712 1370 1739 non
1406 1696 1512 1739 alias
1550 1696 1839 1739 inducendas.

410 1839 490 1884 90.
532 1839 605 1882 Sic
624 1855 730 1899 ergo
753 1839 1076 1897 experienciam
1097 1839 1325 1898 agibilium
1351 1840 1638 1899 negociorum
1669 1848 1712 1882 et
1740 1855 1842 1882 cau·

351 1927 494 1953 sarum
517 1911 810 1969 spiritualium
829 1919 871 1952 et
897 1911 1205 1969 temporalium
1226 1911 1403 1953 brevem
1425 1919 1467 1953 et
1494 1912 1615 1954 brevi
1642 1920 1841 1970 tempore

351 1983 476 2040 queri
503 1982 776 2039 possibilem,
808 1982 852 2023 in
875 1983 1078 2039 potencia
1099 1998 1246 2024 rerum
1276 1983 1494 2024 ordinavit
1515 1991 1635 2024 actor
1663 1998 1809 2024 earum
1829 2000 1839 2034 3

349 2054 463 2095 sicut
484 2062 526 2095 et
554 2053 686 2095 multa
716 2053 797 2094 alia
832 2069 932 2111 que,
967 2069 1046 2111 per
1073 2053 1306 2095 deffectum
1345 2053 1574 2103 artificum,
1607 2054 1718 2096 forte
1738 2069 1842 2096 non-

351 2141 479 2183 quam
500 2124 802 2183 producentur
823 2125 868 2166 in
895 2140 1005 2166 esse.
1033 2127 1123 2167 Hec
1151 2125 1383 2183 acquisitio
1399 2126 1543 2167 brevis
1566 2125 1843 2183 experiencie

349 2204 436 2238 tam
458 2195 713 2254 postulandi
732 2211 859 2254 quam
878 2196 1106 2253 judicandi
1128 2197 1310 2254 respicit
1337 2197 1450 2238 bene
1475 2213 1570 2238 esse
1599 2196 1867 2255 reipublice·

352 2269 486 2309 Terre
517 2268 677 2310 Sancte
705 2276 747 2309 et
767 2267 1064 2309 habitatorum
1086 2267 1299 2325 ejusdem.
1327 2269 1436 2310 Cum
1481 2267 1733 2326 hujusmodi
1752 2276 1842 2310 ter-

352 2355 441 2380 ram
470 2338 673 2397 expediat
694 2347 736 2381 et
754 2346 987 2397 opporteat
1014 2339 1231 2397 publicari
1253 2355 1330 2397 per
1358 2339 1627 2382 habitatores
1655 2338 1841 2381 diversa-

398 2524 431 2555 1.
461 2522 656 2567 Bongars:
677 2522 845 2568 Hugonis
860 2523 1004 2568 Magni.
1022 2522 1078 2555 Cf.
1097 2522 1304 2563 ci—dcssus,
1324 2535 1358 2568 p.
1381 2524 1413 2564 4,
1436 2536 1474 2556 u.
1499 2525 1532 2557 2.
1559 2522 1628 2556 Cet
1650 2535 1668 2555 <t
1683 2522 1840 2568 Hugues

350 2570 384 2603 le
407 2569 536 2603 Grand
552 2582 570 2602 »
594 2583 613 2603 a
634 2569 800 2615 intrigue
819 2569 870 2603 M.
895 2570 1023 2603 Reuan
1043 2570 1226 2615 (Histoire
1251 2569 1443 2610 litte‘raire,
1470 2570 1603 2610 XXVI,
1623 2571 1704 2609 515,
1729 2582 1765 2603 n.
1790 2570 1839 2615 1).

350 2617 379 2650 ΙΙ
404 2616 511 2661 s’agit
535 2617 768 2662 d'Hugution
798 2617 1032 2663 (Uguccione
1061 2618 1106 2650 de
1142 2618 1258 2663 Pise).
1286 2617 1432 2651 Dubois
1470 2623 1527 2651 est
1557 2629 1601 2651 eu
1637 2618 1723 2650 ess‘et
1755 2617 1840 2662 plus

350 2664 524 2709 explicite
547 2664 658 2710 qu’ici
680 2665 773 2698 dans
793 2665 826 2698 le
844 2667 895 2698 De
914 2664 1035 2698 abrev.
1054 2665 1138 2710 (fol.
1157 2667 1197 2698 11
1222 2665 1296 2710 v‘’):
1326 2679 1343 2698 «
1367 2666 1533 2711 prudeus
1558 2664 1619 2698 ille
1645 2665 1840 2708 Huguecio

352 2711 509 2756 scripsit
531 2712 567 2745 in
586 2725 651 2745 sua
675 2712 824 2746 Summa
861 2725 975 2757 super
998 2711 1095 2745 libro
1124 2712 1417 2746 Decretoi-um...
1438 2726 1455 2745 ))
1490 2712 1585 2758 Voy.
1623 2711 1657 2744 J.
1697 2713 1735 2745 F.
1769 2725 1840 2746 von

351 2759 514 2799 Schulte,
539 2760 605 2793 Die
636 2759 847 2794 Gescltichle
879 2759 944 2793 der·
978 2759 1128 2804 Quellen
1160 2759 1238 2794 und
1272 2760 1461 2794 Literatar
1489 2758 1553 2793 des
1593 2759 1840 2794 canonisclzen

348 2806 496 2846 Rechts,
539 2807 567 2846 1,
610 2819 645 2852 p.
688 2808 768 2843 156.
810 2827 855 2833 —
888 2807 962 2841 Les
995 2807 1173 2841 maximes
1205 2819 1276 2853 que
1294 2807 1442 2841 Dubois
1467 2806 1538 2841 cite
1567 2819 1658 2841 sous
1684 2807 1718 2841 le
1751 2819 1839 2841 nom

351 2853 583 2899 d‘Hugution
616 2860 702 2888 sont
730 2855 850 2889 tautot
881 2855 925 2889 de
955 2855 1112 2900 Virgile,
1144 2855 1263 2888 tantot
1283 2854 1456 2889 d'Ovide.
