1942 3242
83 620 211 649 Darniere
271 631 329 649 res-

117 666 227 684 sonrce:
242 659 332 694 requi-

116 693 136 720 οἱ
141 693 192 719 tion
201 693 248 720 des
255 694 330 722 biens

116 729 244 765 d’Egliue.

354 234 415 266 116
897 230 1081 263 PIERRE
1111 229 1304 264 DUBOIS.

412 326 600 377 [Lxxvn]
632 322 687 364 Et
708 321 743 363 si
765 323 880 364 bona
901 319 1069 362 domini
1092 320 1209 379 regis
1236 331 1279 363 et
1305 320 1490 364 istorum
1513 337 1612 366 cum
1635 323 1842 368 omnibus

352 393 713 452 precedentibus,
743 392 892 435 franca
918 391 1044 434 feoda
1075 402 1163 434 tam
1201 391 1408 434 debentia
1437 393 1672 437 servicium
1710 412 1839 454 quam

353 482 441 508 non
469 465 675 508 debentia
698 463 970 515 tenentibus,
996 479 1084 505 non
1113 461 1339 506 sufficiunt
1366 463 1665 509 verisimiliter
1692 467 1748 510 ad
1769 468 1840 510 de-

353 537 615 588 fensionem,
646 549 752 580 tunc
773 536 818 578 in
840 552 942 578 casu
966 534 1268 578 neccessitatis
1290 534 1560 579 defensionis
1585 538 1728 597 regni,
1754 555 1840 598 que

351 609 495 669 legem
518 625 606 652 non
629 609 777 659 habet,
803 607 1010 650 dominus
1032 623 1123 657 rex,
1149 607 1358 665 quatinus
1381 607 1463 650 sibi
1493 608 1618 651 deest
1644 610 1698 652 ad
1720 626 1841 653 com-

352 681 525 724 modam
567 680 886 730 defensionem,
926 678 1101 738 exigere
1135 689 1179 721 et
1220 694 1376 737 capere
1417 681 1582 738 poterit
1621 681 1675 724 de
1713 682 1840 724 bonis

351 753 637 796 ecclesiarum
678 763 720 795 et
759 750 1157 794 ecclesiasticarum
1201 767 1509 808 personarum.
1555 754 1608 794 Et
1647 753 1730 796 hoc
1775 765 1841 797 est

350 824 555 867 ultimum
583 824 712 866 finale
741 822 988 866 subsidium
1017 822 1137 880 quod
1164 821 1371 865 dominus
1394 839 1470 865 rex
1491 839 1648 881 capere
1666 836 1836 883 potest;

349 895 470 955 quod
496 896 602 938 satis
641 906 824 954 apparet
857 910 907 936 eo
944 893 1064 952 quod
1102 894 1186 935 hoc
1227 893 1438 936 auxilium
1481 895 1767 939 ecclesiarum
1797 909 1840 940 et

347 967 746 1010 ecclesiasticarum
767 981 1059 1024 personarum
1083 981 1307 1023 nonquam
1335 977 1410 1008 aut
1430 966 1555 1008 valde
1577 983 1675 1010 raro
1693 968 1837 1012 hacte-

348 1057 430 1083 nus
476 1051 653 1098 captum
704 1037 815 1091 fuit3
863 1049 907 1080 et
952 1037 1070 1096 quia,
1102 1037 1315 1096 quociens
1354 1038 1541 1096 capitur,
1583 1051 1734 1083 contra
1764 1042 1838 1099 jus

347 1127 583 1154 commune
618 1110 880 1153 canonicum
918 1121 960 1151 et
993 1108 1119 1151 civile
1154 1108 1341 1167 capitur,
1382 1126 1488 1168 ergo
1529 1127 1628 1153 cum
1663 1112 1835 1155 mortali

345 1195 543 1242 peccato,
574 1182 659 1225 nisi
685 1181 827 1224 subsit
843 1183 916 1239 jus
939 1180 1127 1239 speciale
1156 1182 1282 1238 cujus
1299 1180 1459 1223 virtute
1481 1193 1525 1223 et
1543 1182 1714 1225 ratione
1738 1183 1835 1242 capi

345 1255 509 1314 possit3
541 1254 661 1313 quod
693 1269 789 1296 esse
826 1269 916 1294 non
943 1263 1089 1311 potest
1122 1251 1206 1294 nisi
1235 1269 1389 1302 unum,
1421 1252 1626 1296 videlicet
1658 1254 1836 1297 evidens

346 1326 610 1370 neccessitas
645 1323 942 1376 defensionis3
981 1341 1066 1383 que
1097 1340 1184 1366 non
1219 1335 1285 1366 est
1317 1324 1577 1367 neccessitas
1615 1325 1833 1378 absoluta,

345 1399 460 1442 sicut
479 1397 616 1441 solem
645 1397 751 1439 oriri
774 1412 870 1439 cras
891 1407 958 1438 est
973 1395 1315 1446 neccessarium,
1339 1395 1416 1438 sed
1437 1396 1702 1439 neccessitas
1730 1414 1836 1440 con-

344 1469 585 1520 ditionalis‚
617 1469 731 1511 sicut
754 1467 1077 1510 nutrimentum
1101 1467 1427 1510 neccessarium
1450 1478 1517 1510 est
1534 1467 1729 1520 animali,
1754 1471 1836 1512 sub

343 1542 598 1585 conditione
620 1540 655 1582 si
677 1540 833 1582 salvari
873 1551 916 1582 et
942 1539 1086 1581 vivere
1119 1539 1253 1581 debet
1292 1538 1479 1591 animal;
1519 1551 1567 1582 ut
1602 1539 1645 1582 in
1678 1540 1835 1598 quinto

341 1611 712 1672 Analyticorum¹‚
744 1611 980 1670 capitulo«
1011 1611 1064 1653 de
1087 1610 1365 1653 neccessario
1396 1628 1435 1652 ».

404 1755 520 1803 124.
557 1756 713 1798 Petere
735 1770 840 1814 ergo
868 1766 911 1796 et
931 1770 1088 1811 capere
1110 1764 1257 1812 potest
1284 1769 1332 1796 ac
1361 1753 1494 1796 debet
1521 1754 1727 1797 dominus
1758 1771 1832 1798 rex

341 1827 395 1871 de
417 1827 544 1871 bonis
566 1826 852 1869 ecclesiarum
881 1826 937 1867 ob
959 1824 1262 1867 defensionem
1287 1825 1412 1884 regni
1445 1836 1550 1867 tunc
1579 1825 1757 1868 demum
1794 1826 1830 1868 si

340 1901 454 1943 bona
477 1915 569 1949 sua,
603 1897 816 1940 bannium
845 1908 887 1939 et
914 1895 1266 1946 retrobannium,
1291 1895 1345 1938 ad
1374 1896 1651 1939 commodam
1680 1896 1832 1940 defen-

340 1972 509 2014 sionem
538 1987 626 2013 non
655 1968 889 2013 sufficiant.
923 1968 1011 2012 Sed
1039 1984 1256 2026 ponamus
1290 1967 1409 2026 quod
1444 1967 1497 2010 ad
1534 1969 1646 2011 hanc
1684 1969 1830 2012 defen-

339 2044 509 2086 sionem
530 2041 786 2085 sufficerent
807 2051 984 2083 centum
1008 2039 1126 2082 milia
1150 2038 1426 2082 marcharum
1452 2039 1640 2099 argenti,
1671 2052 1715 2083 et
1736 2041 1830 2099 ipse

339 2115 456 2173 cepit
483 2114 671 2157 ducenta
701 2112 844 2163 milia3
875 2111 1094 2170 numquid
1117 2111 1156 2153 ei
1182 2110 1286 2153 licet
1305 2111 1399 2153 sine
1419 2122 1599 2169 peccato
1623 2113 1830 2155 mortali?

338 2188 523 2229 Constat
550 2184 669 2244 quod
697 2200 803 2226 non.
828 2184 954 2233 Nam,
979 2194 1111 2241 prout
1127 2182 1399 2224 concordant
1415 2182 1518 2224 etin
1538 2183 1622 2225 hoc
1634 2199 1827 2226 commu-

339 2259 489 2300 nicant
507 2272 661 2299 omnes
683 2255 890 2305 sciencie,
921 2265 1120 2296 cessante
1148 2268 1293 2304 causa,
1320 2265 1463 2296 cessat
1486 2253 1687 2297 effectus.

338 2414 493 2447 France.
518 2412 575 2446 Cf.
599 2411 632 2445 le
654 2413 703 2444 De
734 2409 854 2444 αὐτον.
885 2408 948 2442 fol.
971 2409 1014 2442 9:
1043 2421 1061 2441 «
1084 2407 1121 2442 Si
1153 2408 1197 2441 de
1218 2408 1331 2442 terris
1351 2408 1488 2442 vestris
1514 2420 1688 2455 magnum
1718 2420 1824 2443 exer-

337 2461 448 2495 citum
468 2460 636 2506 peditum
658 2458 768 2492 etiam
788 2468 906 2502 usque
925 2456 970 2489 ad
989 2456 1180 2501 octoginta
1214 2456 1314 2489 milia
1349 2462 1385 2489 et
1418 2456 1585 2502 equitum
1617 2457 1689 2490 duo
1724 2457 1823 2490 milia

336 2520 542 2554 pauperum
566 2506 750 2540 nobilium
772 2504 835 2551 qui
856 2509 977 2537 terras
1000 2503 1122 2536 nullas
1152 2508 1213 2536 aut
1235 2516 1372 2548 paucas
1404 2503 1593 2537 habebant
1619 2504 1664 2537 ad
1683 2505 1824 2538 amicos

336 2562 497 2594 vestros,
521 2555 631 2588 etiam
653 2554 739 2587 dato
758 2553 859 2598 quod
882 2563 954 2585 non
976 2551 1155 2589 redirent,
1184 2551 1396 2591 mitteretis,
1428 2551 1591 2596 populus
1623 2557 1749 2585 vester
1775 2551 1824 2585 ob

337 2604 406 2637 hoc
428 2602 635 2636 diminutus
658 2613 725 2646 per
746 2599 917 2645 singulas
934 2599 1109 2644 regiones
1126 2598 1341 2631 nullatenus
1357 2604 1567 2644 appareret.
1588 2598 1823 2633 Thesaurum

335 2651 432 2684 enim
459 2650 605 2684 habetis
627 2646 940 2682 innumerabilem
954 2646 1121 2679 virorum
1135 2646 1197 2692 qui
1220 2646 1448 2680 sufficientes
1465 2651 1605 2686 essent,
1623 2658 1705 2679 cum
1721 2653 1823 2681 esset

335 2697 578 2737 neccessitas,
599 2697 645 2730 ad
667 2695 910 2742 pugnandum
930 2707 935 2733 ;
961 2694 1072 2731 unde.
1099 2693 1130 2726 si
1153 2694 1252 2727 vires
1282 2693 1398 2727 vestri
1420 2693 1550 2739 populi
1572 2700 1822 2739 cognosceret

335 2746 439 2792 regia
457 2745 647 2791 majestas,
662 2742 792 2789 agredi
805 2741 963 2776 maxima
979 2741 1129 2774 minime
1151 2740 1353 2781 dubitaret,
1371 2741 1458 2774 dum
1474 2747 1596 2774 tamen
1615 2741 1664 2775 ob
1680 2741 1821 2777 bonum

335 2794 457 2827 finem.
478 2806 496 2825 »

383 2844 414 2876 1.
446 2842 517 2874 Ms.
540 2845 573 2874 et
596 2841 786 2884 Bongars:
808 2849 863 2871 ax.
888 2837 983 2882 (sic).
