1942 3242
374 249 433 282 DE
463 246 887 280 RECUPERATIONE
918 245 1081 278 TERRE
1113 244 1307 277 SANCTE.
1545 244 1582 276 17

94 340 239 383 lamen
267 354 366 381 eum
392 337 687 380 delectatione
721 335 1084 395 supervenientes
1116 333 1278 376 infirmi
1304 333 1434 375 citius
1460 333 1585 375 valde

94 411 394 463 sanabuntur3
442 410 625 468 sanique
670 408 840 451 debiles
884 407 988 449 facti
1031 406 1163 466 longe
1209 405 1338 447 citius
1383 404 1585 447 fortifica-

93 483 274 534 buntur‚
304 483 417 525 vires
439 490 483 524 et
509 480 734 523 audaciam
761 478 983 522 naturales
1005 485 1257 529 resument3
1282 493 1379 518 cum
1402 476 1456 518 de
1478 477 1586 518 acie-

93 555 176 598 bus
197 562 240 597 et
259 554 389 597 bellis
410 553 620 596 redibunt
640 551 803 594 infirmi
825 567 901 593 seu
923 549 1156 600 vulnerati,
1176 565 1256 607 per
1276 548 1362 591 sibi
1383 550 1588 606 conjunc-

93 634 162 669 tos
183 626 377 668 medicos
400 634 443 667 et
464 624 717 683 cerurgicos
740 638 838 665 cum
859 621 1063 681 diligenti
1079 620 1293 671 custodia,
1320 619 1530 679 solamine
1547 628 1590 661 et

95 698 191 740 aliis
221 696 568 746 conferentibus,
600 695 703 745 cito,
728 694 844 736 inter
865 710 967 735 suos
988 692 1238 751 presertim,
1263 699 1448 750 propter
1468 706 1591 749 spem

96 769 321 812 solaminis
348 777 391 811 et
426 766 626 810 custodie
657 782 853 817 suorum,
889 765 1021 825 longe
1055 764 1184 806 citius
1222 764 1519 816 sanabuntur3
1549 770 1592 804 et

96 840 232 883 fortes
263 840 410 883 effecti
443 839 498 882 ad
531 855 630 881 suas
666 838 780 880 acies
815 837 1091 887 remeabunt,
1128 844 1312 894 propter
1345 835 1592 878 evasionem

97 912 344 955 securiores
365 920 408 954 et
435 910 694 954 audaciores
722 908 884 952 effecti.

158 1058 238 1109 [XI]
268 1053 352 1099 21.
386 1055 596 1096 Preterea
626 1068 681 1094 ne
714 1051 770 1094 sit
801 1050 1016 1093 deffectus
1051 1050 1162 1092 recti
1189 1049 1361 1092 ordinis
1398 1057 1442 1091 et
1479 1046 1595 1092 civili

96 1127 199 1168 tatis
227 1126 272 1168 in
292 1125 400 1167 locis
421 1124 743 1166 habitationum
765 1125 900 1166 Terre
924 1123 1083 1165 Sancte
1103 1121 1382 1180 assignandis
1401 1130 1444 1163 et
1466 1121 1593 1163 bellis

98 1196 403 1256 disponendis,
438 1195 571 1238 statui
598 1194 828 1237 ordinetur
855 1194 974 1253 quod
1001 1194 1166 1244 exules,
1202 1202 1385 1252 propter
1412 1209 1593 1252 guerras

99 1270 152 1312 ab
189 1269 252 1311 eis
291 1276 446 1319 motas,
490 1268 547 1309 ob
585 1267 698 1309 hanc
739 1282 898 1324 penam
936 1265 1041 1308 illuc
1075 1266 1212 1316 missi,
1250 1266 1295 1307 in
1333 1265 1475 1323 primo
1517 1281 1593 1307 seu

98 1341 253 1400 primis
284 1340 372 1382 sint
407 1339 565 1391 bellis3
604 1347 647 1380 et
681 1338 801 1397 quod
838 1337 1134 1380 habitationes
1168 1338 1360 1379 habeant
1392 1337 1437 1378 in
1475 1345 1593 1379 terra

98 1412 302 1454 hostibus
329 1411 621 1470 proximiores
649 1417 691 1452 et
718 1409 893 1452 ultimas
922 1409 997 1467 qui
1023 1409 1224 1451 venerint
1249 1409 1520 1467 posteriores
1549 1409 1593 1450 in

98 1491 262 1526 terram
283 1483 482 1526 eandem.

160 1625 244 1672 22.
289 1628 354 1670 Ne
398 1633 542 1668 autem
584 1625 701 1667 inter
745 1624 946 1667 nationes
993 1623 1160 1667 oriatur
1202 1622 1420 1666 dissensio
1462 1639 1594 1682 super

103 1698 342 1756 majoribus
370 1696 889 1740 civitatibusJerusalem
920 1705 963 1738 et
990 1696 1112 1738 Acon
1149 1695 1365 1755 eligendis
1394 1705 1436 1738 et
1467 1697 1594 1739 habi-

100 1769 263 1820 tandis‚
288 1768 526 1827 expediens
549 1777 591 1810 et
611 1768 873 1810 rationabile
891 1767 1065 1809 videtur
1086 1767 1205 1826 quod
1226 1768 1498 1826 singularum
1524 1784 1594 1810 re-

102 1841 282 1900 gionum
315 1840 516 1882 homines
549 1840 594 1881 in
622 1839 684 1881 eis
712 1839 1024 1898 permittantur
1058 1847 1188 1897 prout
1219 1838 1436 1897 elegerint
1468 1839 1594 1880 habi-

100 1921 222 1965 tare3
255 1921 299 1954 et
318 1912 435 1954 idem
462 1911 635 1954 videtur
663 1911 716 1952 de
748 1911 844 1952 aliis
878 1910 986 1952 locis
1020 1910 1259 1968 majoribus
1292 1911 1398 1952 mari
1428 1910 1594 1968 junctis

103 1999 179 2026 seu
211 1991 381 2025 tantum
408 1983 619 2041 proximis
648 1981 767 2040 quod
788 1982 833 2023 in
860 1982 923 2023 eis
951 1981 1207 2040 frequenter
1238 1982 1501 2024 conveniant
1527 1982 1595 2024 di-

101 2070 324 2097 versarum
349 2054 581 2113 regionum
602 2061 883 2096 mercatores.

165 2196 249 2242 23.
274 2197 383 2239 Item
414 2195 612 2254 quelibet
641 2195 792 2238 civitas
823 2211 919 2238 cum
949 2196 1176 2238 territorio
1205 2195 1345 2238 eidem
1374 2195 1596 2255 assignato

107 2268 264 2312 ducem
297 2267 403 2310 belli
435 2267 610 2317 habeat,
650 2267 726 2325 qui
756 2268 837 2309 sub
871 2283 918 2309 se
952 2268 1234 2310 centuriones
1267 2268 1453 2310 habeat:
1495 2284 1598 2310 cen-

106 2340 240 2391 turio,
266 2339 319 2381 de
342 2347 518 2381 centum
539 2338 623 2380 sibi
646 2338 889 2380 commissis
910 2339 1231 2398 pugnatoribus
1254 2347 1353 2381 octo
1375 2339 1596 2389 cohortes,

108 2412 153 2454 in
175 2427 359 2470 quarum
381 2409 578 2468 qualibet
599 2409 686 2452 sint
707 2409 940 2452 duodecim
961 2418 1231 2469 pugnatores
1253 2410 1414 2468 quibus
1435 2410 1597 2468 possit3

109 2498 222 2525 unus
250 2482 451 2524 centurio
478 2481 523 2523 in
557 2497 633 2523 sua
664 2481 846 2523 cohorte
877 2481 1128 2540 quindecim
1165 2497 1311 2523 secum
1343 2482 1517 2531 habeat,
1554 2490 1602 2523 ut

109 2570 283 2613 semper
304 2554 445 2596 sciant
471 2568 525 2594 an
552 2552 781 2595 habebunt
807 2568 909 2594 suos
936 2569 1116 2606 omnes;
1148 2569 1193 2595 se
1220 2552 1407 2595 invicem
1434 2552 1600 2595 firmius

109 2625 359 2668 custodiant
379 2632 422 2667 et
442 2623 682 2683 defendant
699 2639 839 2682 usque
860 2623 914 2666 ad
941 2632 1140 2666 mortem.

171 2766 254 2813 24.
301 2767 476 2811 Sciatur
514 2773 615 2824 post
650 2766 733 2808 hoc
771 2774 878 2824 quot
912 2774 1181 2825 pugnatores
1218 2765 1416 2824 quelibet
1452 2765 1602 2808 civitas

112 2837 285 2881 mittere
306 2837 470 2897 poterit
491 2837 545 2879 ad
566 2836 820 2880 exercitum.
847 2837 1044 2892 Quilibet
1057 2837 1257 2880 centurio
1280 2836 1479 2880 subditos
1501 2853 1602 2879 suos

296 2922 413 2954 Pierre
431 2919 571 2953 Dubois.
1397 2920 1416 2951 2

1615 1067 1729 1100 Partage
1746 1062 1795 1106 des
1809 1068 1863 1091 ter-

1631 1111 1676 1129 res
1692 1109 1843 1137 conquuses.

1618 2208 1807 2245 organisatiou
1820 2209 1869 2236 mi-

1693 2245 1789 2272 litaire.
