1942 3242
413 239 471 271 DE
500 236 917 270 RECUPERATIONE
945 235 1107 268 TERRE
1137 234 1338 267 SANCTE.
1562 233 1620 265 111

133 329 334 389 negantis
385 327 566 370 alteram
611 338 783 386 partem
814 326 898 368 sibi
926 324 1242 374 confederavit‚
1283 339 1415 382 quam
1455 322 1626 365 vocavit

133 411 303 460 partem
332 399 673 443 Guibelinorum
692 416 702 451 ;
722 409 766 440 et
791 397 919 439 aliam
935 407 1105 455 partem
1125 411 1210 454 que
1230 395 1404 437 adhesit
1419 410 1530 452 pape
1549 410 1625 436 vo-

135 472 247 515 cavit
266 482 435 530 partem
459 470 771 528 Guerpharum
790 487 800 521 ;
826 479 870 510 et
887 469 965 518 sic,
991 467 1212 510 mediante
1233 477 1358 525 parte
1381 466 1466 508 sibi
1482 465 1627 508 confe-

137 544 302 594 derata,
327 543 414 585 cito
436 542 519 584 sibi
541 540 794 599 subjugavit
815 537 1087 597 utramque¹.
1119 540 1184 580 Ex
1199 554 1287 596 quo
1309 548 1431 596 patet
1455 547 1626 595 partem

138 614 496 663 Guibelinorum‚
535 629 620 671 que
647 628 750 654 vero
788 611 972 653 domino
999 626 1045 652 se
1073 609 1389 660 reconciliavit,
1421 608 1557 651 fuisse
1585 619 1629 650 et

137 703 234 730 esse
260 686 477 728 saniorem
506 684 579 726 illa
602 699 687 742 que
708 699 821 741 pape
844 698 889 724 se
913 681 1117 739 subjecit,
1142 689 1190 723 ut
1202 681 1268 723 sui
1291 680 1508 738 principis
1527 681 1628 722 sub-

133 757 372 817 jectionem
419 764 462 798 et
506 754 809 798 obedienciam
853 753 1123 805 declinaret3
1172 763 1215 794 et
1259 753 1320 794 sic
1362 752 1629 810 jampridem

139 828 391 878 Lombardi‚
430 837 612 886 propter
651 842 773 868 suam
812 825 1065 883 superbiam
1101 835 1144 866 et
1176 823 1356 866 divicias
1398 824 1631 882 patrieque

141 900 370 949 fortalicia,
413 898 647 957 presertim
694 897 841 955 quoad
874 896 1099 946 introitus,
1130 896 1176 938 in
1205 895 1460 938 rebellionis
1502 895 1632 938 auda-

141 972 251 1014 ciam
272 985 564 1030 prorumpere
599 978 986 1027 presumpserunt‚
1023 966 1279 1025 imperatori
1309 966 1632 1024 subjectionem

141 1043 412 1102 denegantes
440 1057 571 1099 quam
598 1039 874 1099 prescribere
896 1038 1211 1097 nequiverunt,
1247 1038 1310 1081 sic
1329 1038 1374 1080 in
1395 1039 1538 1098 legem
1562 1040 1635 1081 Ju-

141 1114 244 1156 liam
271 1112 512 1171 Majestatis
534 1122 766 1170 peccatum
784 1110 1093 1169 gravissimum
1118 1110 1472 1163 committentes3
1497 1126 1634 1168 prop-

145 1197 210 1227 ter
227 1201 313 1244 que
335 1184 420 1243 ipsi
441 1199 684 1242 eorumque
701 1194 791 1226 tota
812 1182 1047 1241 posteritas
1069 1182 1233 1224 debent
1253 1198 1333 1240 per
1353 1181 1634 1224 amissionem

143 1256 342 1299 omnium
370 1257 588 1298 bonorum
627 1254 806 1313 puniri3
837 1266 879 1297 et
906 1254 939 1296 si
977 1270 1089 1312 papa
1118 1253 1395 1296 deviceretur
1423 1253 1543 1312 ipsos
1575 1253 1636 1295 sic

144 1327 400 1387 gravissime
430 1338 664 1385 peccantes
701 1326 957 1375 defendere,
1000 1336 1152 1367 contra
1179 1341 1332 1367 eorum
1366 1324 1633 1383 principem,

146 1415 366 1457 suumque
388 1398 530 1441 tocius
560 1397 814 1456 patrimonii
847 1397 1045 1439 Ecclesie
1072 1408 1325 1455 patronum,
1358 1397 1636 1439 fundatorem

146 1481 189 1513 et
221 1470 483 1520 dotatorem,
515 1469 688 1511 videtur
722 1468 842 1527 quod
876 1468 985 1526 ipse,
1018 1468 1053 1510 si
1080 1469 1162 1510 hec
1191 1468 1338 1511 dicere
1366 1479 1409 1510 et
1443 1468 1638 1511 scribere

148 1541 210 1584 fas
239 1553 319 1591 est,
345 1552 393 1583 ut
414 1540 613 1599 ingratus
635 1539 842 1582 feloniam
866 1539 1178 1590 committeret,
1214 1550 1258 1581 et
1287 1555 1446 1597 penam
1487 1550 1637 1582 contra

148 1612 257 1654 tales
279 1622 487 1654 statutam
510 1611 729 1654 sustinere
758 1610 957 1653 deberet.

207 1758 376 1808 [LXXIV]
412 1754 525 1800 119.
549 1753 680 1808 Quod
707 1765 851 1796 autem
875 1753 931 1795 sit
949 1753 1216 1795 conveniens
1233 1753 1392 1796 rationi
1408 1753 1638 1796 dominum

150 1842 300 1885 regem
329 1826 574 1884 quiescere,
608 1824 922 1883 procreationi,
947 1824 1198 1867 educationi
1231 1836 1274 1866 et
1302 1825 1501 1868 doctrine
1530 1825 1641 1868 libe-

151 1913 300 1940 rorum
322 1913 491 1947 vacare,
518 1896 737 1955 judicium
758 1907 801 1938 et
817 1895 1042 1954 justiciam
1061 1907 1147 1938 tam
1168 1913 1247 1954 per
1264 1913 1309 1938 se
1332 1896 1377 1938 in
1397 1897 1640 1955 majoribus

123 2009 126 2011 ,
153 1968 296 2010 causis
329 1979 372 2010 et
395 1967 591 2027 negociis
619 1983 749 2026 quam
772 1984 851 2026 per
879 1967 986 2010 alios
1018 1967 1160 2010 facere
1190 1967 1376 2026 fierique
1411 1969 1638 2020 mandare,

203 2218 236 2252 1.
265 2219 315 2251 De
333 2216 470 2259 abr-ev„
500 2218 563 2252 fol.
587 2220 607 2254 8
628 2225 691 2254 v0:
723 2231 741 2251 «
766 2218 928 2260 Quidam
966 2217 1118 2253 subtilis
1159 2218 1382 2266 Imperator,
1422 2220 1647 2255 desiderans

156 2277 222 2299 eos
245 2265 512 2312 [Lombardos]
533 2266 569 2300 in
591 2266 697 2300 brevi
719 2271 888 2312 tempore
925 2266 1143 2312 subjugare,
1167 2267 1301 2301 videus
1323 2269 1424 2314 quod
1451 2269 1489 2302 in
1521 2269 1646 2315 quoli-

156 2312 219 2346 bet
237 2313 385 2347 civitate
407 2320 513 2347 erant
533 2314 604 2347 due
627 2319 753 2359 partes
777 2313 849 2348 sibi
870 2314 1028 2348 invicem
1059 2315 1318 2355 adversantes,
1350 2317 1540 2350 mandavit
1562 2329 1647 2351 suc-

157 2360 301 2394 cessive
323 2366 360 2394 et
379 2367 521 2394 secrete
543 2361 696 2395 alteram
726 2374 835 2407 quam
863 2362 983 2407 magis
1005 2367 1173 2402 noverat,
1199 2375 1265 2396 seu
1296 2375 1406 2409 quam
1446 2364 1648 2398 forciorem

157 2420 241 2441 esse
264 2407 442 2442 credebat
460 2408 661 2454 cujuslibet
681 2408 843 2443 civitatis
866 2415 1022 2455 partem,
1047 2410 1187 2444 faciens
1210 2423 1293 2444 cum
1308 2422 1350 2444 ea
1369 2411 1648 2446 confederacio-

157 2467 242 2489 nem
276 2455 325 2489 ob
353 2456 621 2490 destruendam
642 2461 786 2502 purtem
807 2457 862 2490 eis
887 2458 1096 2497 adversam,
1119 2458 1302 2491 simulans
1324 2464 1360 2492 et
1378 2464 1506 2493 tacens
1541 2472 1649 2493 suum

159 2503 397 2548 propositum
420 2515 534 2549 super
556 2510 713 2550 utraque
735 2510 840 2549 parte
860 2505 1019 2549 imperio
1043 2518 1111 2538 suo
1133 2505 1395 2551 subjuganda;
1418 2512 1454 2540 et
1476 2507 1541 2547 sic,
1567 2519 1648 2541 cum

158 2562 295 2595 magno
318 2551 481 2584 exercitu
500 2551 654 2584 veniens
673 2551 718 2584 ad
735 2557 872 2586 terram
895 2552 995 2586 illam
1019 2553 1099 2586 sine
1129 2552 1332 2587 obsidione
1370 2554 1484 2600 longo
1518 2554 1650 2588 habuit

159 2597 304 2632 facilem
323 2598 538 2643 ingressum
561 2610 628 2644 per
649 2604 792 2644 partem
812 2612 916 2634 suam
939 2612 1048 2646 quam
1065 2600 1356 2635 Guibelinorum
1386 2602 1590 2648 appellavit
1612 2603 1649 2636 in

160 2645 329 2691 quolibet
350 2646 511 2681 civitate.
538 2646 630 2679 Pars
653 2645 769 2680 altera
789 2659 884 2693 pape
903 2659 1114 2682 convocans
1137 2649 1315 2682 auxilium
1338 2661 1378 2682 se
1410 2655 1553 2695 partem
1588 2662 1650 2684 ec-

160 2691 273 2727 clesie
295 2693 421 2727 fovere
442 2692 602 2733 dicebat,
627 2694 733 2738 cujus
750 2695 868 2739 partis
890 2700 1036 2729 actores
1059 2695 1162 2729 Guer
1193 2696 1259 2730 has
1279 2697 1495 2742 appellavit,
1520 2697 1649 2731 dicens

161 2739 400 2775 adversarios
417 2741 479 2796 qui
502 2741 654 2775 domino
676 2745 711 2774 et
733 2741 895 2787 principi
917 2755 985 2776 suo
1008 2709 1307 2777 adversabantur
1336 2745 1525 2790 peccando
1548 2757 1650 2778 mor-

163 2785 287 2821 taliter
303 2788 461 2822 eccles1e
476 2789 556 2823 fore
575 2788 674 2822 filios
695 2801 703 2829 ;
727 2795 764 2823 et
778 2801 845 2835 per
866 2789 959 2824 hanc
982 2790 1218 2825 occasionem
1234 2791 1440 2837 imperator
1455 2798 1651 2839 utramque

162 2839 306 2879 partem
328 2835 402 2870 sibi
424 2835 654 2883 subjugavit.
673 2849 691 2868 n

1660 1769 1696 1794 Le
1707 1766 1746 1793 roi
1754 1775 1787 1792 ne
1796 1765 1851 1792 doit
1861 1774 1908 1802 pus

1714 1803 1858 1838 s'expnscr.
