1942 3242
394 223 452 256 DE
485 220 910 255 RECUPERATIONE
942 218 1107 253 TERRE
1139 219 1340 252 SANCTE.
1544 218 1606 250 129

111 329 182 356 ros
203 328 451 372 procreare,
496 312 616 371 ipsos
644 311 809 355 ibidem
847 310 966 353 nasci
1007 321 1050 352 et
1086 308 1262 359 nutriri,
1297 324 1348 350 eo
1382 307 1503 366 quod
1530 307 1604 350 ille

114 384 235 428 locus
257 383 428 426 meliori
458 382 782 426 constellationi
804 382 902 433 celi,
930 397 1063 440 quarn
1087 380 1167 423 alia
1199 395 1464 438 quecunque
1492 379 1600 429 loca,

114 455 310 498 noscitur
329 471 425 498 esse
446 457 671 513 subjectus
690 472 699 507 3
723 471 775 496 ex
798 470 887 512 quo
915 452 1132 511 sequitur,
1165 463 1213 494 ut
1232 452 1444 494 hactenus
1461 450 1603 494 visum

113 526 212 578 fuit,
243 527 364 586 quod
391 526 451 569 ibi
471 526 670 585 generati
701 537 744 568 et
772 525 861 567 nati
885 525 1043 567 melius
1071 534 1175 567 sunt
1195 522 1445 581 compositi,
1483 522 1604 564 ordi-

112 598 203 642 nati
224 609 267 641 et
286 598 625 657 complexionati
645 613 774 656 quam
799 596 983 639 aliarum
1005 595 1239 655 regionum
1260 594 1463 637 homines
1477 593 1504 636 ¹.

176 739 293 787 140.
315 740 555 799 Expediret
581 739 729 790 etiam,
753 754 851 781 cum
885 754 997 797 opus
1030 749 1162 788 esset,
1196 737 1425 780 dominum
1454 752 1604 796 regem

113 811 378 871 obstagiare,
402 828 480 870 per
513 810 647 854 alium
677 810 856 853 fratrem
889 809 955 851 vel
995 808 1134 852 filium
1171 808 1365 851 secundo
1405 808 1605 868 genitum

113 883 351 926 exercitum
379 882 591 942 regendo,
615 893 797 942 propter
811 881 964 923 modos
986 881 1183 923 casuales
1203 880 1335 923 vitam
1353 879 1604 923 abreviandi

112 954 349 1005 vittandos,
391 953 714 997 considerando
755 964 938 996 eventus
990 963 1034 995 et
1078 951 1327 995 occasiones
1371 952 1606 995 accelerate

114 1025 268 1069 mortis
297 1026 428 1069 trium
470 1042 651 1068 suorum
691 1024 1030 1083 progenitorum
1078 1023 1361 1076 ultimorum;
1398 1023 1607 1082 quoniam

115 1108 286 1140 tantum
313 1097 558 1156 principem
581 1113 669 1139 non
690 1096 816 1139 decet
841 1111 1093 1154 supponere
1120 1095 1238 1138 casui
1261 1106 1304 1137 et
1331 1095 1507 1137 fortune
1535 1111 1607 1154 pe-

114 1168 333 1220 riculosis,
375 1179 419 1211 et
454 1168 558 1227 quia
594 1183 683 1210 non
712 1178 861 1226 potest
893 1166 1143 1226 obstagiare
1187 1167 1240 1209 de
1274 1183 1319 1209 se
1360 1166 1453 1209 sine
1479 1166 1604 1209 valde

116 1255 275 1300 magna
296 1239 582 1283 multitudine
603 1250 918 1299 pugnatorum,
944 1249 987 1281 et
1010 1238 1112 1297 quia
1134 1254 1222 1281 non
1250 1238 1309 1281 ita
1345 1238 1431 1281 cito
1459 1249 1609 1297 posset

115 1311 354 1355 exercitum
392 1311 570 1362 ducere,
621 1310 733 1354 sicut
777 1310 850 1354 alii
888 1309 963 1369 qui
991 1321 1119 1352 nocte
1162 1309 1324 1369 dieque
1370 1309 1609 1369 aliquando

114 1382 391 1436 laborarent3
425 1394 467 1426 et
494 1382 598 1442 quia
623 1382 668 1425 in
695 1384 829 1425 'l'erra
855 1383 1012 1425 Sancta
1037 1381 1169 1424 modo
1193 1397 1283 1424 non
1310 1382 1525 1425 habemus
1554 1381 1610 1424 ci-

115 1454 271 1498 vitates
298 1470 378 1497 nec
397 1465 538 1497 castra
568 1469 648 1497 nec
676 1453 759 1496 alia
797 1453 890 1496 loca
915 1463 1066 1512 parata
1092 1469 1172 1511 per
1198 1469 1284 1512 que
1306 1453 1439 1496 calori
1473 1453 1606 1504 Solis,

117 1525 289 1576 Martis,
314 1537 358 1568 et
385 1525 569 1569 aliarum
600 1525 827 1568 stellarum
853 1535 1037 1584 possent
1065 1524 1288 1576 resistere,
1325 1541 1462 1584 seque
1495 1525 1610 1568 tueri

117 1607 269 1640 contra
290 1597 403 1640 aeris
422 1597 746 1656 intemperiem,
777 1613 863 1655 que
883 1596 1073 1640 multum
1095 1608 1212 1639 esset
1238 1596 1301 1639 eis
1327 1596 1559 1639 contraria.

181 1739 298 1786 141.
319 1740 408 1783 Sed
424 1739 589 1798 opponi
611 1739 775 1798 poterit
795 1756 803 1781 ε
825 1757 847 1780 c<
864 1738 935 1782 Sic
956 1750 1000 1782 tu
1016 1739 1204 1798 impedis
1220 1739 1466 1797 profectum
1478 1740 1612 1782 Terre

119 1813 276 1855 Sancte
295 1828 334 1854 ».
363 1810 629 1870 Respondeo
658 1801 780 1870 quod
808 1827 895 1853 non
916 1810 1516 1869 credoimpedire‚quoniam
1533 1810 1612 1853 do—

119 1883 266 1926 minus
292 1899 368 1925 rex
397 1882 573 1925 mittere
600 1882 766 1941 poterit
794 1893 838 1924 et
866 1883 1089 1925 tenebitur
1117 1882 1225 1924 adeo
1251 1898 1458 1941 magnum
1488 1899 1613 1924 exer-

119 1954 253 1997 citum
281 1970 380 1997 cum
404 1953 614 1996 fratribus
631 1953 722 1997 suis
745 1965 789 1996 et
809 1953 899 1996 filio
919 1953 1112 1996 secundo
1133 1953 1300 2012 genite,
1326 1953 1438 1996 sicut
1460 1954 1495 1995 si
1519 1954 1614 2012 ipse

121 2026 220 2077 iret,
262 2025 622 2084 constituereque
658 2041 737 2084 per
779 2024 982 2068 ordinem
1016 2025 1167 2084 plures
1214 2025 1346 2068 duces
1395 2025 1614 2068 exercitus

121 2097 205 2148 sui,
237 2109 286 2140 ut
323 2113 412 2140 11110
441 2095 698 2147 decedente,
735 2096 803 2139 vel
835 2096 1089 2139 infirmitate
1126 2113 1203 2140 seu
1243 2096 1350 2139 alias
1378 2096 1611 2155 impedito,

172 2259 205 2292 1.
235 2256 294 2292 Cf.
328 2259 378 2292 De
406 2256 541 2298 abrw„
570 2257 635 2294 fol.
670 2259 691 2294 Β
718 2266 768 2291 v0.
801 2277 843 2285 --
866 2270 885 2291 «
916 2257 1121 2304 Expediret
1142 2263 1263 2292 totum
1303 2257 1483 2291 mondum
1525 2255 1616 2291 sub-

121 2305 263 2351 jectum
283 2316 368 2339 esse
395 2317 514 2351 regno
547 2305 791 2346 Francorum,
815 2305 903 2339 dum
934 2310 1056 2340 tamen
1089 2317 1154 2339 rex
1181 2305 1364 2351 ejusdem,
1399 2310 1514 2351 prout
1535 2305 1617 2339 fieri

124 2352 333 2392 consuevit,
356 2353 394 2386 in
416 2353 548 2387 eodem
574 2365 692 2399 regno
721 2359 936 2399 generetur,
963 2359 1152 2393 nascatur,
1177 2354 1359 2387 educetur
1384 2359 1418 2386 et
1447 2353 1616 2387 instrua-

125 2407 199 2441 tur,
223 2406 259 2434 et
274 2400 343 2434 hoc
365 2405 523 2446 propter
541 2406 731 2435 astrorum
752 2400 946 2435 meliorem
969 2406 1163 2446 aspectum
1191 2406 1225 2434 et
1247 2400 1486 2435 influenciam
1507 2413 1617 2446 quam

125 2448 264 2483 dictum
282 2460 440 2494 regnum
468 2447 606 2482 habere
629 2449 879 2494 percepimus.
899 2454 935 2482 et
965 2460 1032 2494 per
1061 2449 1337 2494 experienciam
1359 2448 1444 2493 plus
1478 2448 1618 2482 habere

125 2495 326 2530 didicimus
355 2507 466 2550 quam
495 2495 588 2529 alias
615 2496 792 2541 regiones
814 2502 850 2530 et
881 2508 1010 2542 regna.
1039 2495 1260 2530 Alterantur
1304 2496 1402 2529 enim
1446 2495 1618 2541 probitas

126 2548 162 2577 et
181 2555 305 2578 mores
336 2542 500 2577 filiorum
530 2555 626 2589 quos
660 2543 796 2578 Gallici
826 2549 1010 2589 generant
1039 2543 1078 2577 in
1109 2543 1298 2578 extraneis
1322 2543 1560 2589 regionibus,
1584 2549 1619 2576 et

126 2590 278 2625 alterari
306 2596 584 2624 consueverunt
605 2590 738 2624 saltem
768 2591 806 2625 in
833 2591 948 2625 tercia
977 2591 1034 2624 vel
1066 2597 1197 2637 quarta
1223 2591 1480 2637 generatione,
1507 2596 1620 2636 prout

128 2638 313 2684 contingit
328 2638 520 2684 preteritis
542 2637 807 2684 temporibus
798 2651 835 2672 111
857 2638 1032 2684 personis
1052 2639 1265 2684 principum
1284 2639 1347 2684 qui
1370 2651 1409 2672 se
1432 2639 1477 2672 de
1500 2650 1618 2684 regno

130 2685 359 2720 Francorum
408 2686 454 2720 ad
494 2691 620 2731 partes
667 2685 759 2720 alias
801 2687 1091 2720 transtulerunt.
1131 2686 1267 2720 Gallici
1305 2686 1455 2731 quidem
1507 2685 1619 2731 longe

130 2733 270 2766 certius
298 2738 453 2767 utuntur
487 2745 574 2767 vero
601 2733 745 2778 judicio
785 2733 944 2767 rationis
979 2745 1090 2780 quam
1124 2734 1194 2767 alie
1228 2733 1396 2779 quelibet
1428 2733 1618 2773 nationes,

130 2791 198 2814 nec
213 2780 426 2815 inordinate
447 2786 658 2820 moventur,
682 2780 741 2814 vix
757 2785 820 2814 aut
835 2793 1024 2827 nonquam
1040 2792 1166 2815 veram
1182 2780 1615 2826 rationemimpugnant,

131 2827 231 2874 quod
252 2827 289 2862 in
309 2828 392 2862 aliis
411 2841 486 2862 non
506 2828 691 2862 videmus.
716 2841 734 2860 »
761 2847 802 2854 -
823 2827 1033 2874 Compar-ez
1053 2828 1255 2868 ci-dessus,
1281 2840 1318 2873 p.
1342 2829 1399 2867 99,
1422 2834 1511 2861 note
1534 2830 1566 2861 1.

291 2905 408 2937 Pierre
428 2905 566 2937 Dubois.
1437 2905 1455 2935 9
