1942 3242
347 246 385 278 34
894 242 1077 275 PIERRE
1107 242 1299 275 DUBOIS.

80 347 206 389 aeroma
222 347 327 374 ducar-
406 339 546 388 [xxlv]
580 334 667 380 41.
704 336 812 376 Item
845 340 1020 391 petatur
1059 331 1179 390 quod
1212 331 1416 374 dominus
1454 347 1583 390 papa,
1634 331 1838 375 conside-

148 383 257 411 dmum‘
346 406 450 448 ratis
490 405 739 448 redditibus
772 403 1059 446 cardinalium
1100 402 1375 461 singulisque
1413 403 1717 460 proventibus,
1762 404 1839 462 qui

345 478 439 520 sine
473 477 584 519 mala
625 475 974 534 presumptione,
1014 473 1220 516 scandalo
1262 482 1306 516 et
1334 473 1526 516 ‘infamia
1565 482 1751 532 possunt
1785 474 1839 516 ad

344 565 418 591 eos
436 548 683 606 pervenire,
702 555 864 589 statuat
881 546 960 596 eis,
983 545 1102 604 quod
1123 544 1351 587 commode
1372 545 1536 603 poterit
1556 545 1716 595 facere,
1741 545 1838 587 loco

342 620 482 662 victus
505 621 626 677 juxta
661 626 851 660 statuum
887 632 1066 659 suorum
1097 616 1374 658 conditiones
1407 632 1539 674 super
1572 616 1837 674 patrimonio

344 691 458 733 beati
482 691 601 733 Petri
620 708 629 742 ;
654 689 774 748 quod
795 689 831 730 si
845 704 934 730 non
956 687 1160 738 sufficiat,
1186 695 1356 730 retenta
1376 687 1556 729 domino
1577 703 1690 746 pape
1714 686 1837 729 suffi-

343 762 509 804 ciencia
540 760 808 819 competenti
836 760 889 802 de
917 759 1046 801 bonis
1073 758 1332 801 universalis
1361 758 1561 808 ecclesie,
1603 758 1837 816 presertim

342 841 644 891 exemptorum
665 840 709 874 et
735 831 1005 890 prelatorum
1041 830 1117 888 qui
1137 846 1160 872 a
1188 829 1292 872 sede
1320 829 1560 888 apostolica
1591 845 1691 872 suas
1722 829 1835 872 reci-

341 905 468 962 piunt
495 903 851 945 consecrationes
872 910 916 944 et
936 901 1288 951 benedictiones,
1313 901 1474 959 quibus
1501 901 1547 942 in
1574 916 1836 959 recompen-

343 976 556 1018 sationem
583 982 789 1033 parcetur
828 974 873 1016 in
907 973 1077 1032 magnis
1105 972 1302 1015 serviciis
1329 980 1372 1014 et
1399 972 1656 1014 muneribus
1685 972 1836 1030 quein

342 1047 462 1089 curia
498 1046 717 1088 faciebant
749 1053 792 1087 et
825 1046 870 1086 in
916 1044 1136 1103 expensis,
1172 1044 1274 1102 quia
1318 1043 1475 1086 remoti
1523 1052 1706 1102 propter
1751 1044 1835 1085 hoc

342 1119 505 1160 curiam
530 1134 619 1159 non
653 1117 862 1169 adibunt3
896 1115 1154 1158 universalis
1182 1115 1312 1157 etiam
1340 1115 1524 1157 ecclesia
1558 1114 1755 1157 conferat
1781 1113 1836 1157 ad

341 1190 423 1232 hec
444 1189 686 1232 secundum
714 1187 834 1246 quod
874 1188 974 1246 plus
1006 1186 1075 1229 vel
1105 1187 1249 1228 minus
1287 1186 1485 1228 ecclesiis
1521 1186 1726 1228 credetur
1752 1186 1834 1228 hec

341 1261 533 1319 provisio
555 1260 800 1319 profutura.
834 1258 1034 1302 Cessabit
1055 1257 1336 1316 prolongatio
1363 1257 1506 1299 litium
1531 1257 1771 1299 electorum
1792 1265 1835 1299 et

342 1333 526 1374 aliorum
553 1326 718 1374 curiam
752 1331 1022 1380 adeuntium,
1061 1329 1136 1388 qui
1163 1329 1418 1386 frequenter
1445 1337 1628 1387 propter
1654 1343 1835 1371 munera

343 1420 428 1462 que
450 1403 613 1445 dabant
628 1403 703 1445 diu
726 1402 1039 1445 detinebantur
1054 1400 1244 1452 ibidem;
1269 1416 1348 1458 per
1367 1400 1471 1442 talia
1489 1399 1836 1442 extraordinaria

343 1491 523 1518 munera
550 1483 593 1517 et
620 1475 803 1517 servicia
831 1473 1080 1516 cardinales
1107 1480 1245 1514 status
1273 1487 1374 1514 suos
1402 1472 1620 1514 sustinere
1649 1486 1836 1514 consue-

341 1555 512 1589 verunt.

402 1693 524 1744 [XXV]
564 1687 650 1734 42.
682 1687 853 1742 Quibus
888 1687 950 1729 sic
981 1685 1123 1737 factis,
1155 1686 1236 1728 sub
1262 1686 1389 1744 penis
1420 1684 1672 1727 fortissimis
1703 1684 1834 1727 statui

343 1770 516 1820 petatur
547 1760 666 1819 quod
693 1759 938 1802 cardinales
965 1766 1008 1800 et
1033 1774 1146 1816 papa
1174 1757 1226 1799 de
1260 1765 1408 1799 cetero
1437 1772 1616 1799 munera
1647 1771 1735 1798 non
1763 1771 1835 1798 ca-

343 1834 465 1892 piant
491 1848 571 1874 nec
600 1831 824 1889 capientes
846 1845 993 1872 secum
1013 1830 1230 1880 habeant;
1263 1837 1415 1870 contra
1447 1843 1734 1886 quoscunque
1763 1842 1833 1868 ca-

343 1905 515 1962 pientes
538 1912 580 1945 et
608 1903 762 1945 dantes
775 1902 905 1944 etiam
928 1901 1210 1943 acerbissime
1233 1916 1346 1958 pene
1369 1907 1631 1949 statuantur,
1651 1914 1732 1941 nec
1748 1913 1836 1940 non

346 1991 552 2017 numerus
574 1974 921 2032 equitaturarum
944 1973 1252 2030 sociorumque
1281 1970 1583 2013 cardinalium.

76 2060 261 2089 rrelevemenz
288 2072 322 2088 uu
404 2048 629 2089 Statuatur
652 2053 694 2086 et
716 2044 835 2102 quod
857 2043 1066 2085 medietas
1088 2044 1305 2085 bonorum
1333 2043 1527 2084 omnium
1549 2040 1835 2083 cardinalium

109 2099 192 2160 ‘Tne‘iliiz
223 2098 323 2160 &ninii
343 2126 385 2159 et
407 2131 769 2175 quorumcunque
791 2115 1077 2172 prelatorum,
1101 2122 1188 2156 tam
1211 2115 1425 2171 majorum
1448 2129 1576 2171 quam
1598 2112 1832 2162 minorum,

111 2178 155 2195 sur
183 2170 222 2195 les
247 2170 322 2196 biens

110 2205 323 2232 anemium-
343 2188 665 2237 decedentium,
703 2186 901 2228 subsidio
933 2187 1068 2228 Terre
1107 2186 1267 2227 Sancte
1297 2200 1526 2242 quousque
1558 2182 1836 2242 integraliter

109 2250 187 2276 (μω
344 2266 599 2317 recuperata
635 2257 887 2315 munitaque
921 2255 1068 2306 fuerit,
1106 2255 1352 2313 applicetur
1381 2270 1465 2296 una
1500 2270 1597 2297 cum
1632 2253 1835 2296 omnibus

345 2468 432 2502 lium
468 2466 635 2513 presumi
662 2478 736 2499 non
770 2463 882 2498 debet
912 2464 1012 2510 quod
1042 2462 1189 2496 eveniet
1214 2462 1252 2495 in
1286 2462 1497 2495 futurum...
1522 2460 1560 2494 Si
1597 2460 1679 2506 ipse
1711 2458 1834 2506 possit

345 2516 481 2549 babere
498 2514 734 2548 commodum
752 2513 913 2546 solitum.
927 2511 1007 2544 sine
1024 2511 1164 2543 honere
1180 2515 1216 2543 et
1230 2509 1499 2554 impedimento
1519 2519 1606 2541 cure
1624 2507 1833 2541 animarum

345 2563 417 2597 sibi
439 2562 652 2602 commisse,
670 2567 841 2594 terrenas
863 2558 1130 2603 occupationes
1153 2563 1188 2590 et
1210 2557 1430 2590 occasiones
1446 2556 1628 2589 malorum
1648 2555 1830 2590 vittaudo.

344 2617 379 2644 et
410 2611 479 2644 hoc
512 2621 688 2642 recusare
728 2606 924 2653 presumit,
971 2605 1055 2651 quis
1097 2617 1179 2638 eum
1224 2617 1241 2637 a
1289 2603 1506 2649 cupiditate,
1556 2601 1747 2647 superbia,
1796 2607 1833 2635 et

345 2657 627 2704 presumptione
654 2654 853 2689 temeraria
875 2653 1014 2699 poterit
1042 2651 1250 2686 excusare?
1281 2652 1376 2692 Quis
1405 2650 1467 2684 ille
1498 2650 1561 2695 qui
1584 2661 1623 2682 se
1645 2649 1768 2694 possit
1796 2655 1832 2682 et

343 2707 476 2739 audeat
504 2705 679 2737 estimare
717 2702 962 2735 sufficientem
993 2706 1029 2733 et
1058 2701 1247 2745 ydoneum
1276 2699 1322 2732 ad
1353 2697 1549 2743 utriusque
1577 2696 1693 2741 gladii
1730 2701 1831 2729 tante

342 2752 548 2798 reipublice
601 2756 826 2796 potestatem
853 2747 859 2781 l
911 2748 1111 2789 Quomodo
1164 2746 1428 2792 gravissimum
1469 2744 1646 2789 superbie
1694 2743 1831 2777 vicium

343 2801 482 2846 poterit
503 2798 670 2833 evitare?
691 2798 762 2830 Tot
781 2797 878 2830 enim
902 2802 937 2829 et
960 2801 1013 2828 tot
1032 2801 1212 2840 cogentes
1235 2793 1404 2826 rationes
1432 2793 1477 2825 ad
1501 2793 1570 2825 hoc
1594 2797 1751 2837 possent
1774 2791 1830 2824 in-

343 2847 608 2893 duci,maxime
626 2857 692 2891 per
712 2843 892 2878 habentes
913 2843 1094 2876 factorum
1114 2842 1263 2876 illarum
1279 2847 1461 2874 terrarum
1476 2839 1796 2885 experienciam...
1810 2851 1828 2871 »
