1942 3242
55 768 175 795 Mesures
191 770 207 793 ἐι
222 775 302 803 pren-

88 803 136 830 dre
153 811 220 838 pour
235 802 301 829 faire

86 844 224 875 respectet·
277 837 303 863 la

86 884 148 911 pmx
191 882 301 900 univer-

87 911 163 937 selle.

317 235 356 268 82
863 234 1045 268 PIERRE
1075 235 1268 269 DUBOIS.

320 342 417 368 cum
448 326 678 368 Psalmista
710 324 933 367 canendo¹
961 342 968 367 :
1003 327 1228 384 Particeps
1259 341 1336 383 ego
1362 339 1474 379 sum,
1507 332 1612 375 etc„
1641 332 1684 366 et
1713 339 1810 366 cum

319 397 533 455 Apostolo
550 396 869 447 conveniendo,
890 413 988 439 cum
1009 396 1092 439 ait2
1108 414 1116 439 :
1141 398 1385 455 Operemw·
1402 397 1557 438 bonum
1573 396 1632 437 ad
1645 411 1807 447 omnes,

321 473 526 528 quatinus
553 472 596 511 in
622 469 746 510 nobis
769 479 861 522 est‚·
888 485 970 510 nec
992 485 1080 510 non
1102 485 1200 510 cum
1221 468 1359 510 latore
1381 467 1576 517 canonis,
1603 482 1700 509 cum
1722 465 1807 507 ait:

321 542 478 583 Faciat
498 540 624 582 homo
645 544 773 582 etiam
790 556 876 598 pro
896 541 1129 598 temporali
1147 540 1334 582 hominis
1356 542 1442 582 vita
1463 539 1681 582 salvanda
1699 537 1816 596 quod

315 622 476 670 potest,
499 615 592 654 sine
611 613 868 654 detrimento
889 612 1047 654 salutis
1074 621 1234 653 eterne.

386 754 499 800 101.
545 755 592 797 Si
631 770 734 796 vero
763 755 884 812 pacis
918 754 1177 796 universalis
1217 753 1365 796 federa
1400 752 1529 794 modo
1567 750 1814 809 prescripto

323 826 495 868 firmare
516 825 746 884 placuerit,
778 825 831 867 de
859 841 1077 867 consensu
1099 825 1276 867 concilii
1295 824 1565 883 prelatorum
1588 830 1629 864 et
1655 821 1815 880 princi·

322 914 426 955 pum
457 905 672 939 statuatur
701 897 820 955 quod
850 913 1001 938 omnes
1034 897 1193 955 prelati
1221 898 1523 954 cujuscunque
1551 902 1704 944 status,
1734 908 1816 935 nec

322 985 410 1011 non
432 969 568 1011 seculi
584 969 744 1010 milites
760 969 804 1010 in
822 969 911 1010 suis
931 968 1244 1018 creationibus,
1270 966 1677 1024 firmiterjurabunt
1698 963 1817 1022 quod

321 1040 422 1098 ipsi,
451 1057 532 1098 pro
553 1041 656 1082 totis
670 1040 760 1082 suis
781 1040 963 1090 viribus,
988 1040 1108 1097 pacis
1120 1038 1374 1097 hujusmodi
1402 1037 1550 1080 federa
1572 1053 1668 1078 cum
1690 1035 1816 1094 penis

322 1111 519 1169 ejusdem
547 1111 730 1153 firmiter
753 1111 1004 1160 servabunt,
1030 1119 1073 1152 et
1100 1110 1265 1152 servari
1280 1109 1421 1151 modis
1438 1108 1641 1150 omnibus
1657 1107 1817 1165 quibus

321 1191 530 1241 poterunt
550 1183 866 1241 procurabunt.
899 1183 962 1224 Ita
989 1181 1108 1240 quod
1136 1182 1387 1240 quicunque
1411 1182 1707 1238 juramentum
1734 1178 1818 1220 hoc

322 1263 520 1313 prestare
563 1254 880 1312 contempserit
913 1270 989 1295 seu
1024 1253 1284 1312 neglexerit,
1325 1252 1381 1294 ob
1421 1252 1520 1301 hoc,
1558 1250 1817 1292 auctoritate

324 1327 563 1385 apostolica
600 1326 801 1383 sacrique
829 1325 1022 1376 concilii,
1049 1324 1318 1366 sentenciam
1346 1324 1442 1381 ipso
1489 1322 1603 1363 facto
1640 1320 1818 1378 majoris

324 1397 789 1440 excommunicationis
818 1395 1061 1448 incurrat33
1092 1396 1151 1437 ita
1183 1395 1302 1453 quod
1332 1394 1520 1452 quilibet
1552 1393 1818 1451 impugnans

303 1515 307 1519 ,
325 1470 369 1511 in
391 1478 615 1528 posterum
632 1469 762 1526 hujus
783 1468 903 1526 pacis
921 1467 1084 1518 federa,
1100 1483 1179 1525 per
1202 1481 1491 1525 quoscunque
1507 1464 1668 1506 milites
1690 1463 1816 1521 spiri-

56 1768 181 1795 Rel'orme
189 1767 237 1795 des
245 1777 301 1794 mo-

89 1807 210 1831 nasteres
269 1804 301 1830 de

90 1841 212 1866 semmes.

324 1541 454 1583 tualis
482 1549 525 1583 et
543 1540 798 1598 temporalis
814 1539 974 1581 milicie
993 1555 1074 1597 pro
1101 1539 1205 1580 totis
1237 1553 1388 1580 eorum
1408 1536 1591 1586 viribus,
1619 1535 1679 1577 ita
1700 1533 1819 1592 quod

324 1613 531 1655 resistere
557 1628 646 1654 non
674 1611 830 1670 possit,
856 1610 1027 1652 fortiter
1048 1610 1348 1669 impugnetur.

383 1759 470 1809 [Lx]
509 1754 624 1808 102.
662 1756 767 1797 Post
806 1770 890 1812 que
919 1754 980 1795 sic
1008 1753 1145 1803 finita,
1178 1752 1351 1794 fortiter
1386 1750 1578 1792 occurrit
1606 1748 1818 1790 scribenti

325 1827 598 1869 conversatio
633 1816 893 1868 monialium*
926 1824 1095 1867 ordinis
1134 1823 1286 1867 Sancti
1324 1821 1570 1870 Benedicti,
1603 1835 1687 1878 que
1722 1835 1817 1877 pre-

324 1900 484 1942 dictam
507 1906 645 1940 status
674 1897 870 1939 Ecclesie
893 1895 1248 1938 reformationem
1269 1893 1435 1936 evadat.
1463 1891 1647 1942 Idcirco,
1673 1890 1818 1932 consi-

323 1970 485 2013 deratis
520 1969 660 2011 solitis
687 1968 896 2026 periculis
924 1976 966 2009 et
994 1967 1145 2009 salutis
1170 1966 1409 2008 animarum
1445 1962 1691 2021 dispendiis
1722 1977 1818 2004 cum

322 2042 450 2083 bonis
479 2057 563 2098 que
597 2040 695 2098 plus
724 2039 854 2081 solito
884 2039 979 2080 ficri
1000 2045 1225 2096 poterunt,
1256 2036 1428 2078 videtur
1456 2033 1663 2092 expedire
1700 2031 1818 2091 quod

323 2128 516 2155 summus
532 2110 730 2170 pontifex
751 2111 793 2152 in
816 2110 1003 2152 concilio
1023 2117 1199 2159 statuat,
1225 2108 1278 2149 ad
1293 2107 1551 2165 petitionem
1567 2104 1817 2163 principum

323 2185 397 2242 qui
418 2184 677 2242 plerumque
700 2181 1097 2223 sanctimonialium
1119 2178 1381 2221 monasteria
1404 2177 1644 2219 fundarunt
1668 2183 1711 2217 et
1738 2174 1816 2217 do-

322 2263 484 2304 tarunt,
520 2254 654 2312 quod,
692 2253 809 2294 salvo
835 2253 951 2294 victu
981 2251 1246 2309 competenti
1275 2250 1317 2291 in
1346 2249 1508 2291 talibus
1539 2246 1816 2289 monasteriis

323 2326 619 2384 professarum
657 2325 891 2383 virginum,
924 2323 1149 2365 decrescat
1177 2337 1324 2364 earum
1358 2336 1581 2368 numerus,
1614 2318 1671 2360 ita
1699 2316 1817 2375 quod

324 2414 411 2439 non
447 2398 534 2438 sint
568 2397 612 2438 in
646 2405 872 2454 posterum
906 2395 949 2436 in
984 2394 1182 2452 quolibet
1210 2391 1476 2434 monasterio
1504 2390 1654 2448 plures
1688 2403 1816 2446 quam

322 2469 551 2517 tredecim,
589 2467 650 2509 sic
684 2475 945 2509 conventum
982 2465 1220 2515 sacientcs;
1257 2471 1300 2505 et
1334 2462 1646 2520 impendantur
1691 2459 1816 2501 dotes

325 2539 575 2597 hujusmodi
603 2538 969 2580 monasteriorum
991 2536 1034 2577 in
1057 2551 1137 2577 usu
1159 2534 1402 2593 puellarum
1424 2532 1671 2591 prescripto
1687 2529 1816 2571 modo

373 2742 405 2773 1.
437 2739 590 2779 psalm„
615 2736 785 2778 CXVIII,
810 2738 867 2772 63.

373 2789 405 2821 2.
436 2787 535 2827 Gal„
558 2785 623 2826 VI,
642 2787 697 2819 10.

372 2837 403 2869 3.
436 2835 561 2879 Voycz
583 2833 793 2877 cependant
814 2831 1007 2864 ci-dossus
1029 2831 1045 2871 ξ
1066 2831 1098 2869 4,
1122 2843 1158 2875 p.
1179 2831 1212 2864 8.
