1942 3242
453 234 512 268 DE
542 232 963 268 RECUPERATIONE
994 231 1156 266 TERRE
1190 232 1386 265 SANCTE.
1625 230 1663 264 61

175 325 271 368 fieri
295 333 463 383 posset,
493 324 725 375 abreviari,
749 332 837 366 tam
870 322 1000 382 plane
1027 322 1146 381 quod
1179 322 1480 381 intelligentes
1517 322 1664 381 legere

174 404 357 455 possent
381 396 467 438 hoc
488 404 728 439 extractum
751 393 1020 437 sufficienter
1042 394 1136 436 sine
1164 393 1356 452 scriptis.
1383 394 1475 435 Hoc
1501 401 1664 436 extrac-

174 476 269 510 tum
296 467 499 510 audirent
527 469 711 526 juvenes
739 474 880 509 totum
910 467 1052 524 primo
1090 481 1204 507 anno
1240 473 1429 523 quatuor
1453 465 1666 507 lectiones

175 539 221 582 in
242 539 314 582 die
341 540 436 582 sine
465 539 805 598 questionibus;
841 538 926 580 hoc
960 537 1076 579 idem
1115 536 1319 579 audirent
1350 536 1542 578 secunda
1572 536 1666 578 vice

176 627 274 654 cum
301 610 636 670 questionibus;
665 609 946 668 postmodum
974 608 1178 650 audirent
1205 608 1340 650 semel
1368 607 1506 649 libros
1535 616 1668 666 prout

176 683 385 742 leguntur
410 683 454 724 in
477 681 624 724 scolis.
650 683 759 723 Item
780 680 1009 739 expediret
1024 679 1143 738 quod
1161 680 1417 738 Questiones
1437 680 1668 722 naturales

176 754 392 796 haberent
441 761 657 795 extractas
698 752 751 794 de
798 752 975 810 scriptis
1012 760 1100 793 tam
1146 751 1293 793 fratris
1333 751 1500 793 Thome
1539 766 1668 809 quam

179 824 362 884 Segeri¹
405 833 449 867 et
494 824 679 866 aliorum
724 823 970 873 doctorum,
1013 822 1237 865 ordinatas
1284 838 1435 864 omnes
1479 822 1532 864 de
1584 838 1668 864 una

178 897 373 947 materia,
398 904 445 939 ut
461 896 514 938 de
534 895 715 947 materia
734 895 892 954 prima,
917 894 972 937 de
994 894 1147 944 forma,
1173 894 1525 952 composit[ione]
1554 895 1664 952 ejus,

177 967 479 1027 generatione,
508 967 808 1025 corruptione,
848 966 902 1008 de
929 965 1129 1024 quolibet
1156 981 1303 1015 sensu,
1337 967 1431 1023 ejus
1459 965 1664 1023 objectis,

178 1039 232 1082 de
260 1039 456 1098 qualibet
481 1039 686 1097 potencia
709 1038 867 1088 anime,
893 1037 1226 1096 operationibus
1248 1045 1291 1078 et
1311 1036 1479 1078 naturis
1501 1052 1665 1086 earum,

178 1110 232 1153 de
259 1110 488 1153 elementis
515 1118 670 1152 nature
693 1117 735 1151 et
762 1109 1095 1167 operationibus
1123 1124 1291 1159 eorum,
1322 1108 1376 1150 de
1408 1108 1669 1166 corporibus

178 1182 431 1233 celestibus,
456 1183 641 1231 naturis,
671 1180 920 1223 influenciis
951 1189 994 1222 et
1023 1180 1216 1222 motibus
1246 1195 1423 1231 eorum3
1458 1179 1512 1221 ad
1538 1179 1669 1221 talem

179 1253 380 1296 ordinem
407 1253 633 1295 tendendo
661 1252 780 1311 quod
816 1252 996 1294 materie
1020 1252 1074 1294 de
1102 1251 1218 1294 facili
1252 1259 1436 1310 possent
1462 1251 1666 1302 inveniri,

178 1333 222 1367 et
248 1333 432 1383 propter
447 1324 647 1366 ordinem
665 1324 834 1366 facilius
856 1323 986 1375 sciri3
1012 1323 1132 1381 quod
1147 1330 1264 1364 esset
1283 1322 1467 1364 multum
1490 1321 1669 1364 difficile

178 1396 324 1438 taliter
362 1395 583 1446 ordinare,
628 1395 732 1437 licet
770 1395 954 1437 multum
987 1394 1231 1452 proficuum
1263 1394 1308 1436 in
1347 1395 1414 1436 via
1449 1394 1667 1444 doctrine,

180 1483 264 1526 que
309 1467 363 1510 de
408 1467 525 1509 facili
563 1466 736 1510 modico
777 1475 976 1524 tempore
1015 1482 1095 1524 per
1135 1466 1253 1508 hunc
1292 1465 1470 1507 modum
1515 1465 1671 1523 adqui-

179 1546 366 1590 reretur,
413 1538 630 1597 adquisita
675 1545 1024 1587 conservaretur,
1064 1545 1106 1579 et
1150 1536 1205 1579 ad
1248 1538 1499 1579 memoriam
1539 1536 1671 1579 redu-

180 1618 368 1653 ceretur.

243 1742 324 1788 73.
361 1742 532 1797 Quibus
548 1743 610 1784 sic
629 1741 753 1784 factis
775 1739 979 1782 audirent
999 1739 1186 1781 morales
1210 1739 1439 1790 sciencias,
1466 1738 1672 1782 videlicet

179 1814 483 1864 monosticam,
508 1814 713 1863 ethicam,
746 1812 1011 1854 rhetoricam
1040 1819 1083 1852 et
1109 1811 1334 1869 politicam
1360 1811 1422 1853 sic
1457 1819 1671 1853 extractas

182 1894 224 1928 et
245 1885 501 1928 abreviatas.
533 1885 731 1927 Ethicam
758 1883 847 1925 vidi
867 1898 947 1941 per
971 1882 1122 1924 decem
1138 1882 1275 1924 libros
1304 1882 1566 1924 abreviatam
1594 1898 1673 1940 per

182 1957 438 2016 magistrum
478 1958 774 1998 Hermannum
821 1953 1150 1996 Alemannumss.
1201 1955 1296 2008 Qua
1336 1954 1673 2013 precognitione

182 2028 331 2070 habita
356 2027 490 2070 semel
516 2027 719 2070 audirent
743 2026 881 2069 libros
911 2025 1198 2084 solempniter
1220 2040 1318 2067 cum
1345 2025 1669 2083 questionibus,

184 2099 298 2142 utin
319 2099 618 2149 Naturalibus,
647 2097 878 2147 ordinatis,
911 2113 1010 2139 cum
1035 2097 1186 2156 paucis
1211 2097 1482 2155 argumentis
1501 2097 1546 2138 in
1572 2112 1672 2155 qua-

185 2186 358 2229 cunque
379 2171 568 2213 sciencia
589 2169 791 2228 scriptis3
822 2169 1029 2227 quoniam
1051 2176 1409 2227 argumentorum
1437 2167 1672 2210 multitudo

185 2242 322 2301 magis
348 2241 650 2284 confusionem
668 2240 919 2283 intellectus
940 2248 983 2282 et
997 2240 1155 2298 judicii
1176 2239 1360 2282 rationis
1382 2255 1512 2298 quam
1535 2240 1671 2281 scien-

186 2314 295 2355 ciam
322 2312 507 2356 inducit.

185 2454 223 2490 la
250 2453 430 2501 longaeui·
456 2454 520 2490 des
543 2455 655 2490 siens.
673 2468 690 2488 »
709 2455 772 2501 (E.
799 2455 971 2496 Charles,
987 2457 1107 2501 Roger
1128 2456 1268 2495 Bacon,
1294 2454 1415 2494 Paris,
1436 2455 1539 2494 1861,
1566 2453 1670 2494 iu-80,

186 2516 210 2550 p
231 2552 263 2585 1.
293 2550 401 2596 Siger
420 2550 464 2584 de
486 2549 676 2591 Brabant;
707 2551 753 2585 cf.
780 2551 1000 2585 ci-dessous
1021 2551 1038 2595 ἓ
1059 2551 1139 2585 132.
1169 2570 1212 2575 -
1245 2549 1296 2583 Ce
1319 2561 1480 2595 passage
1501 2549 1545 2583 de
1564 2555 1672 2583 notre

183 2599 364 2644 opuscule
386 2611 404 2632 a
424 2598 481 2632 ete
502 2598 644 2632 traduit
663 2603 699 2632 et
719 2599 928 2632 commeate
950 2610 1017 2644 par
1038 2598 1088 2631 M.
1109 2598 1239 2632 Victor
1255 2597 1306 2630 Le
1323 2597 1432 2630 Clerc
1446 2597 1540 2631 dans
1560 2596 1671 2630 l'His-

184 2646 275 2680 toire
292 2645 483 2684 litte'raire,
509 2645 605 2685 XXI,
636 2647 716 2681 106.

230 2694 264 2727 2.
293 2693 364 2727 Sur
378 2693 567 2726 Hermann
591 2693 812 2727 l‘Allemand
834 2693 1032 2727 considere
1048 2704 1190 2726 comme
1207 2693 1426 2725 traducteur
1450 2691 1671 2731 d'Aristote,

187 2751 220 2774 v.
254 2738 379 2787 Roger
407 2741 533 2775 Bacon
567 2740 831 2788 Compendium
858 2739 991 2780 studii,
1021 2740 1081 2774 ed.
1110 2740 1272 2779 Brewer,
1314 2752 1349 2785 p.
1390 2740 1470 2774 471.
1513 2739 1570 2772 Cf.
1602 2737 1672 2771 Ch.

185 2786 381 2829 Jourdain,
400 2788 623 2822 Reckerches
635 2799 700 2822 sur
718 2787 768 2822 les
787 2787 1023 2822 traductions
1040 2787 1174 2822 latines
1194 2786 1408 2827 d’Aristote,
1430 2786 1549 2826 Paris,
1568 2786 1671 2825 1843,

187 2834 296 2876 in-80,
320 2848 356 2881 p.
377 2836 457 2870 143.
