1942 3242
419 212 479 246 DE
512 213 929 246 RECUPERATIONE
958 211 1122 246 TERRE
1152 213 1346 246 SANCTE.
1591 210 1632 245 63

137 308 313 363 portare
346 319 435 346 non
470 310 682 361 poterunt
712 318 791 361 per
821 302 1049 345 biennium
1085 303 1206 362 leges
1246 303 1397 345 audire
1427 303 1489 345 »Ρ
1522 304 1632 346 Res-

137 375 340 434 pondeo:
390 375 427 417 si
458 374 596 417 libros
635 390 723 416 non
761 374 927 416 habent
965 390 1063 417 cum
1102 375 1166 417 uti
1199 374 1441 422 debebunt,
1478 390 1632 432 parum

139 446 365 506 proderit;
406 454 553 488 tamen
588 453 773 504 propter
800 447 900 503 jura
931 446 1140 488 canonica
1176 445 1379 504 proficiet
1409 446 1471 487 eis
1499 454 1542 488 et
1578 461 1632 487 ne

138 518 335 560 totaliter
362 517 597 576 ignorent3
622 517 657 559 si
689 524 835 558 tamen
869 516 1007 559 libros
1041 533 1189 559 secum
1219 526 1464 575 portarent,
1502 517 1633 575 longe

140 590 279 649 magis
305 588 556 647 proficeret.
591 589 853 646 Supponere
882 588 1092 630 debemus
1120 588 1291 646 aliquos
1319 589 1382 631 sic
1406 588 1633 631 audituros

141 661 216 719 qui
243 660 380 703 libros
402 675 549 702 secum
571 659 826 717 portabunt,
857 668 901 701 et
921 659 1090 717 aliquos
1119 676 1207 702 non
1229 668 1457 718 portantes
1484 659 1634 717 adqui-

139 733 303 774 situros
330 731 468 789 libros
489 749 500 783 ;
529 739 572 773 et
592 738 776 789 propter
797 731 962 772 bonum
990 731 1280 773 scienciarum
1303 731 1634 773 fundamentum

139 803 417 861 profecturos
445 802 575 844 etiam
596 818 676 860 per
696 801 834 844 libros
856 818 935 860 per
951 802 1092 844 solum
1112 802 1305 844 studium
1327 810 1471 853 notos,
1503 802 1634 844 scolis

141 873 342 916 desertis.

203 1015 286 1061 76.
311 1018 422 1058 Istos
444 1024 588 1058 autem
609 1016 801 1058 scolares
823 1016 984 1058 modici
999 1017 1212 1074 temporis
1234 1033 1414 1076 magnas
1436 1017 1633 1059 civitates

141 1095 186 1130 et
222 1087 410 1146 populos
447 1088 770 1146 gubernaturus
806 1096 849 1129 et
877 1087 1167 1145 judicaturos,
1207 1088 1435 1147 expediret
1469 1089 1633 1131 habere

142 1158 264 1218 leges
302 1159 348 1201 in
386 1175 474 1201 uno
518 1159 755 1209 volumine,
795 1159 964 1217 planas,
1008 1160 1200 1202 breviter
1240 1169 1282 1202 et
1322 1160 1453 1210 clare,
1500 1160 1635 1202 semel

141 1238 311 1272 tantum
361 1225 529 1288 absque
575 1230 783 1272 similium
833 1231 1097 1288 repetitione
1159 1231 1359 1290 scriptas,
1417 1231 1635 1290 perfectas

144 1301 392 1347 sentencias
414 1302 710 1352 continentes,
731 1310 779 1343 ut
800 1301 988 1360 intelligi
1009 1310 1190 1360 possent
1212 1311 1254 1345 et
1274 1303 1360 1362 legi
1384 1304 1485 1346 sine·
1499 1304 1636 1363 glosis

143 1380 187 1414 et
211 1373 417 1431 scriptis3
448 1389 600 1415 omnes
628 1373 748 1432 leges
776 1374 906 1415 unius
933 1374 1114 1416 materie
1142 1375 1223 1416 sub
1254 1391 1341 1417 uno
1367 1375 1496 1417 titulo
1518 1391 1636 1417 com-

1655 1015 1729 1042 Droit
1768 1014 1829 1041 civil
1876 1020 1903 1041 et

1703 1051 1849 1087 eanonique

144 1443 465 1502 prehendendo
491 1445 638 1486 taliter
660 1444 779 1503 quod
805 1445 910 1487 alias
939 1446 1052 1487 bene
1074 1445 1254 1488 litterati
1270 1455 1452 1504 possent
1479 1447 1637 1489 intelli·
1655 1456 1663 1465 '

142 1531 248 1574 gere
294 1523 336 1557 et
376 1531 533 1574 capere
580 1516 674 1558 sine
722 1516 928 1568 doctore;
972 1517 1174 1559 similiter
1215 1517 1445 1576 expediret
1474 1518 1638 1560 habere

144 1587 381 1628 Decretum
426 1587 694 1629 abreviatum
746 1596 788 1629 et
833 1588 1104 1638 Decretales,
1165 1597 1212 1631 ut
1269 1589 1459 1631 scolares
1510 1590 1638 1648 pauci

143 1658 355 1716 temporis
376 1674 429 1700 ex
445 1653 630 1716 juribus*
644 1659 838 1701 confusis
860 1667 904 1701 et
923 1659 1122 1717 prolixis,
1152 1661 1234 1702 sub
1261 1661 1475 1703 brevitate
1502 1677 1638 1720 gene-

144 1728 249 1773 ralia
273 1737 315 1771 et
343 1729 550 1788 specialia
574 1731 673 1788 jura
701 1730 939 1788 cujuslibet
966 1731 1146 1774 materie
1175 1732 1366 1774 retinere
1403 1749 1638 1791 secumque

143 1808 319 1858 portare
347 1810 556 1859 possent;
581 1801 742 1859 quibus
772 1801 1068 1844 mediantibus
1095 1819 1191 1845 cum
1219 1804 1496 1862 experiencia
1523 1821 1568 1847 se
1597 1813 1640 1847 et

142 1871 250 1914 alios
286 1872 474 1915 civiliter
509 1881 718 1931 regerent
753 1873 838 1915 hiis
878 1874 1160 1932 generalibus
1201 1883 1244 1917 et
1277 1876 1542 1934 specialibus
1576 1876 1639 1918 vi-

144 1942 265 1984 ribus
280 1959 360 2000 per
381 1943 747 1986 assuefactionem
763 1944 1019 1995 habituatis,
1047 1945 1322 2003 experiencia
1353 1956 1636 2006 cooperante,

144 2012 270 2055 libris
297 2013 545 2071 adquisitis,
582 2014 821 2072 perfectius
855 2016 899 2057 in
933 2017 995 2058 eis
1022 2016 1268 2059 studerent.
1303 2006 1392 2060 H'ec
1420 2019 1639 2061 abreviata

146 2091 189 2125 et
215 2092 408 2126 extracta
437 2085 582 2127 forent
612 2085 714 2127 libri
742 2087 948 2144 portativi
975 2103 1218 2146 pauperum
1246 2098 1289 2131 et
1322 2090 1452 2132 etiam
1489 2106 1639 2132 eorum

147 2155 221 2212 q‘ui
250 2155 365 2197 circa
390 2155 494 2198 alias
527 2156 739 2199 sciencias
766 2159 983 2216 occupati,
1026 2167 1074 2200 ut
1101 2159 1216 2201 circa
1243 2160 1570 2219 philosophiam
1598 2169 1641 2203 et

147 2225 431 2285 theologiam,
464 2227 642 2269 solitum
675 2235 718 2270 et
752 2229 1074 2271 neccessarium
1115 2230 1307 2273 studium
1347 2232 1401 2274 ad
1434 2233 1640 2274 noticiam

149 2311 407 2355 magnorum
434 2298 703 2340 voluminum
744 2315 832 2341 non
861 2300 1187 2358 apponerent¹3
1218 2318 1268 2344 eo
1297 2303 1416 2360 quod
1450 2303 1640 2345 brevitas

197 2477 228 2510 1.
260 2475 310 2509 M.
334 2476 404 2510 Ad.
422 2476 749 2522 Tardif(Histoire
764 2477 829 2513 des
843 2491 993 2514 sources
1007 2479 1058 2515 du
1074 2479 1175 2514 droit
1186 2481 1371 2525 frangeis,
1393 2493 1430 2526 p.
1447 2482 1532 2526 361)
1552 2494 1640 2527 rap-

150 2523 290 2568 proche
307 2523 634 2569 ingenieusement
650 2537 690 2559 ce
707 2538 786 2559 voeu
808 2527 853 2560 de
876 2527 1004 2561 Pierre
1022 2527 1167 2561 Dubois
1187 2541 1192 2560 :
1218 2528 1250 2561 la
1268 2529 1461 2562 redaction
1478 2530 1522 2562 de
1538 2529 1643 2563 Libri

149 2571 329 2617 portativi
340 2583 562 2618 pauperum,
581 2573 704 2606 moins
721 2573 830 2607 chers
852 2581 887 2607 et
910 2576 994 2620 plus
1008 2575 1120 2608 clairs
1137 2587 1208 2621 que
1225 2575 1280 2608 les
1297 2588 1386 2621 gros
1406 2577 1532 2616 livres,
1554 2577 1641 2610 d'un

152 2618 261 2652 traite
291 2619 410 2652 inedit
434 2620 483 2652 du
511 2619 707 2659 vacarius,
740 2622 878 2655 recueil
907 2622 1099 2657 d'extraits
1123 2624 1171 2656 du
1194 2622 1298 2656 Code
1326 2630 1363 2657 et
1391 2624 1439 2657 du
1469 2624 1637 2669 Digeste,

152 2666 311 2699 annotes
333 2673 368 2700 et
387 2667 529 2711 gloses,
554 2667 823 2712 que-vacarius
842 2670 940 2703 avait
958 2671 1136 2715 compose
1159 2676 1238 2704 tant
1252 2683 1348 2715 pour
1370 2671 1557 2717 epargner
1572 2683 1641 2705 aux

154 2723 314 2756 pauvres
333 2714 524 2747 etudiants
544 2714 678 2748 l'achat
698 2715 772 2749 fort
790 2717 953 2750 ouereux
973 2719 1040 2751 des
1056 2719 1197 2763 grands
1211 2719 1372 2751 rccueils
1392 2719 1436 2752 de
1451 2719 1639 2753 Justiuien

155 2771 226 2804 que
249 2772 344 2805 pour
358 2761 519 2807 abre-ger
536 2761 637 2795 leurs
653 2763 799 2796 etudes.
821 2776 839 2796 «
858 2764 914 2799 On
930 2771 1019 2810 peut
1041 2777 1242 2810 supposer,
1266 2766 1320 2799 dit
1335 2765 1386 2799 M.
1409 2767 1552 2808 Tardis,
1570 2778 1641 2812 que

156 2805 194 2839 P.
223 2806 370 2841 Dubois
392 2809 625 2843 connaissait
647 2816 704 2843 cet
726 2809 865 2856 abrdge
884 2824 890 2851 ;
915 2812 969 2845 les
991 2811 1174 2846 relations
1204 2812 1235 2846 si
1257 2812 1475 2859 frequentes
1494 2814 1543 2847 du
1565 2813 1640 2848 Co-
