1942 3242
53 695 174 729 Repousc
185 695 200 718 ὲ
214 696 300 718 tontes

87 729 127 755 les
154 727 299 762 objections

88 774 121 792 cn
134 765 254 799 general.

318 232 358 263 42
859 233 1043 265 PIERRE
1074 234 1264 266 DUBOIS.

319 328 368 362 ut
392 321 502 362 tales
529 321 678 364 mondi
700 322 884 381 gloriam
905 338 985 380 pro
1012 330 1101 364 tota
1132 323 1333 366 mercede
1365 325 1627 383 percipiant,
1658 335 1702 369 et
1736 327 1808 368 alii

320 392 550 435 aliciantur
578 393 632 435 ad
657 394 776 451 ipsos
800 393 1140 452 dampnabiliter
1160 395 1435 446 imitandum,
1460 397 1596 439 totius
1619 406 1808 440 contem-

319 464 527 522 plationis
555 465 675 522 pacis
705 473 748 507 et
776 465 927 507 salutis
959 466 1362 514 animarunrhoste
1398 468 1578 526 antiquo
1606 485 1705 511 cum
1732 485 1810 512 suo

321 535 531 578 concordi
552 537 745 578 exercitu
786 537 993 579 continue
1026 545 1237 595 operante
1268 546 1311 580 et
1342 538 1569 582 laborante
1599 556 1680 598 pro
1706 540 1810 583 totis

319 606 486 649 viribus
508 607 562 649 ad
588 608 782 650 omnium
803 609 1045 667 perniciem
1067 609 1324 652 animarum.

382 678 429 721 Si
462 679 578 720 enim
608 680 773 722 Sathan
802 680 855 722 ad
882 680 1176 722 invadendum
1209 689 1252 723 et
1277 681 1642 724 lucrifaciendum
1677 699 1812 725 unum

321 749 461 792 solum
482 750 703 792 hominem
731 751 973 810 aliquando*
993 752 1165 794 invocat
1187 761 1353 810 septem
1374 754 1556 812 spiritus
1577 754 1812 812 nequiores

323 837 384 870 se,
416 829 579 879 quanto
601 823 739 881 magis
767 823 821 865 ad
842 823 1136 866 resistendum
1162 832 1282 866 tante
1305 825 1526 866 occasioni
1547 825 1812 883 perditionis

323 893 578 943 animarum,
617 894 770 936 videns
801 895 946 937 omnia
978 896 1218 953 presentia,
1247 896 1392 938 omnia
1428 897 1638 954 preterita
1667 913 1810 939 reme-

323 980 514 1015 morans,
540 966 682 1007 sciens
710 974 753 1007 et
770 966 965 1024 prudens
994 968 1297 1024 conjecturare
1326 967 1379 1009 de
1406 968 1619 1026 preterito
1647 976 1689 1010 et
1711 984 1812 1026 pre-

323 1037 436 1078 senti
458 1037 502 1078 in
530 1036 740 1087 futurum,
772 1037 826 1079 ad
847 1038 1175 1096 impediendum
1197 1039 1473 1097 propositum
1494 1040 1624 1097 hujus
1646 1040 1809 1098 operis,

322 1108 648 1150 multitudinem
669 1109 736 1150 vel
759 1109 884 1167 quasi
914 1126 1039 1152 suum
1066 1111 1304 1152 exercitum
1335 1111 1656 1169 congregabit?
1678 1112 1812 1169 Cujus

322 1180 539 1221 exercitus
568 1179 803 1223 demonum
825 1181 1029 1223 omnibus
1056 1182 1434 1239 persuasionibus,
1467 1182 1809 1240 impedimentis,

322 1259 364 1292 et
384 1252 762 1309 temptationibus,
790 1251 966 1294 difficile
986 1253 1169 1295 multum
1191 1253 1274 1295 erit
1296 1254 1440 1295 oviare
1460 1271 1469 1305 3
1496 1253 1588 1303 sed,
1612 1262 1660 1295 ut
1681 1269 1812 1311 supra

319 1331 483 1364 tactum
512 1332 592 1374 est,
617 1327 705 1365 nOn
731 1325 814 1366 erit
839 1324 1130 1382 impossibile.
1159 1325 1375 1378 Quoniam
1408 1325 1503 1382 ipse
1535 1325 1698 1367 Sathan
1722 1325 1813 1383 (qui

320 1402 444 1452 pater
473 1395 689 1437 mendacii
719 1404 924 1437 censetur
951 1404 994 1437 et
1024 1412 1175 1437 omnes
1204 1396 1438 1438 mendaces
1467 1396 1544 1438 filii
1566 1398 1676 1454 ejus,
1701 1396 1814 1438 sicut

321 1467 439 1508 Deus
467 1467 626 1508 veritas
654 1475 697 1508 et
717 1483 910 1516 veraces,
934 1468 979 1509 in
1008 1476 1219 1525 quantum
1240 1467 1366 1517 tales,
1398 1467 1474 1509 filii
1501 1468 1608 1525 ejus)
1638 1467 1811 1509 mentiri

320 1537 484 1595 poterit
512 1538 837 1596 multiphariam
860 1538 1085 1580 suadendo
1100 1539 1280 1596 prelatis
1302 1555 1381 1596 per
1403 1547 1660 1597 argumenta
1679 1554 1819 1596 appa-v

321 1609 460 1650 rentia
481 1609 700 1660 solubilia,
731 1625 810 1667 per
826 1610 1050 1652 mendacia
1075 1610 1338 1668 decipiendo
1356 1611 1490 1668 ipsos,
1510 1611 1623 1651 sicut
1639 1609 1815 1667 decepit

320 1679 487 1738 primos
526 1689 732 1739 parentes
784 1689 973 1723 nostros.
1030 1683 1208 1723 Certum
1261 1690 1326 1723 est
1360 1681 1478 1739 quod
1516 1681 1597 1723 hec
1635 1680 1812 1722 materia

322 1752 498 1794 moralis
541 1761 631 1804 est3
673 1753 840 1795 idcirco
876 1769 975 1795 vera
1014 1753 1239 1795 conclusio
1283 1769 1362 1811 per
1409 1752 1814 1794 demonstraciones

321 1824 563 1866 ostensivas
584 1825 762 1882 probari
789 1841 878 1866 non
905 1823 1093 1883 potest¹.
1127 1824 1366 1867 Generales
1404 1824 1524 1883 leges
1550 1823 1693 1882 primo
1721 1823 1814 1865 fieri

322 1904 669 1948 consueverunt3
701 1904 743 1938 et
765 1912 861 1938 cum
890 1897 1089 1954 sequitur
1123 1896 1371 1938 absurditas
1399 1896 1465 1937 vel
1498 1895 1813 1937 inconveniens

323 1967 618 2026 quodcunque
651 1968 854 2010 nocivum
876 1968 919 2009 in
949 1984 1048 2010 casu
1079 1967 1259 2026 speciali
1285 1968 1366 2009 sub
1395 1967 1505 2026 legis
1527 1966 1814 2024 generalitate

321 2038 388 2080 vel
430 2038 580 2097 regula
618 2048 841 2088 contento,
883 2040 1110 2081 consuevit
1137 2039 1232 2081 fieri
1267 2041 1338 2097 jus
1372 2038 1562 2096 speciale
1597 2037 1815 2096 derogans

322 2111 543 2169 generali3
576 2111 777 2152 similiter
806 2127 903 2152 cum
936 2110 1184 2152 absurditas
1211 2111 1278 2152 vel
1307 2110 1426 2152 aliud
1454 2109 1612 2151 malum
1635 2108 1815 2150 evidens

323 2182 521 2240 sequitur
539 2182 805 2240 generaliter
836 2199 888 2223 ex
915 2182 1197 2224 observancia
1230 2182 1340 2241 legis
1368 2181 1433 2223 vel
1469 2181 1647 2223 canonis
1679 2196 1815 2238 gene-

323 2253 442 2303 ralis,
474 2270 553 2311 per
593 2270 689 2295 eum
722 2254 796 2311 qui
833 2262 1094 2311 potestatem
1127 2254 1259 2295 habet
1293 2253 1346 2295 ad
1385 2253 1466 2294 hec
1511 2251 1738 2294 consuevit
1773 2259 1816 2292 et

323 2324 456 2367 debet
478 2325 571 2366 fieri
597 2326 668 2382 jus
696 2325 901 2383 generale
924 2324 1118 2366 totaliter
1146 2341 1370 2383 arrogans.
1403 2324 1598 2366 Primum
1626 2323 1688 2364 sic
1710 2338 1815 2380 ergo

324 2396 434 2438 lator
449 2412 678 2454 supremus
692 2412 907 2438 canonum
921 2404 1112 2437 statuere
1127 2396 1179 2437 de
1194 2412 1304 2437 novo
1326 2395 1490 2453 poterit
1503 2410 1588 2452 que
1604 2401 1816 2451 petuntur

325 2467 469 2510 favore
511 2470 671 2510 Sancte
715 2469 850 2509 Terre
886 2467 1111 2525 totiusque
1149 2467 1300 2509 salutis
1340 2466 1584 2525 reipublice
1631 2463 1814 2506 catholi-

325 2555 494 2581 corum.-

373 2745 403 2777 1.
436 2743 493 2776 Cf.
515 2743 547 2776 le
561 2745 611 2777 De
625 2742 761 2782 abrev..
781 2743 845 2777 fol.
860 2744 923 2778 28:
947 2756 964 2775 «
982 2742 1058 2775 Hee
1072 2742 1171 2775 enim
1184 2742 1341 2776 materia
1357 2740 1511 2775 moralis
1530 2752 1606 2773 non
1628 2751 1671 2773 ex
1687 2750 1815 2772 neces-

327 2791 438 2825 sariis
462 2790 672 2836 principiiS,
698 2795 754 2823 set
782 2789 1048 2836 probabilibus
1071 2790 1296 2835 procedens,
1321 2787 1635 2834 argumentabilis
1665 2791 1724 2822 est
1753 2797 1814 2823 se-

326 2839 488 2875 cuudum
511 2838 721 2874 facundiam
743 2838 863 2889 ipsam
886 2837 1170 2876 tractantium...
1190 2849 1208 2873 ›>
