1942 3242
368 234 427 266 DE
458 233 877 266 RECUPERATIONE
906 233 1070 266 TERRE
1101 233 1301 266 SANCTE.
1538 236 1578 268 19

83 331 246 366 terram
279 323 476 374 siccam¹,
518 314 732 382 requisito
765 323 821 366 ad
859 324 944 366 hoc
983 339 1201 366 consensu
1243 324 1498 383 Peryalogi²
1536 333 1579 367 et

85 394 270 437 aliorum
290 395 558 453 principum,
583 411 662 454 per
684 411 871 454 quorum
891 403 1032 437 terras
1053 394 1261 437 transibit
1282 395 1502 437 exercitus
1522 414 1531 447 3
1556 412 1576 438 a

85 466 245 524 quibus
275 474 450 524 petatur
478 482 658 508 securus
686 466 846 517 aditus,
877 466 1089 508 transitus
1117 474 1159 508 et
1189 466 1331 508 exitus
1361 475 1577 509 terrarum

85 553 282 589 suarum3
307 553 388 579 nec
414 554 503 580 non
525 537 644 596 quod
670 538 834 596 singuli
853 537 1079 596 peregrini
1100 537 1304 579 victualia
1323 538 1515 580 habeant
1536 547 1578 580 et

84 608 283 667 hospicia
303 624 384 667 pro
404 609 548 667 pretio
577 609 844 667 competenti
871 609 1108 660 communi,
1140 608 1253 651 sicut
1279 617 1322 650 et
1348 609 1491 651 incole
1519 609 1577 652 lo-

85 695 252 730 corum,
276 696 358 722 nec
379 696 467 722 non
489 680 608 738 quod
628 680 852 738 principes
880 680 1075 722 locorum
1098 680 1236 722 libere
1258 681 1516 738 permittant
1536 689 1579 723 et

83 751 245 794 faciant
264 751 467 794 victualia
487 767 540 794 ex
566 752 686 794 omni
712 760 854 810 parte,
880 767 1145 811 quocunque
1166 752 1334 794 tributo
1358 761 1574 804 cessante,

85 822 140 865 ad
159 822 254 865 loca
274 823 487 865 transitus
508 823 749 882 apportari.
772 823 895 866 Licet
921 824 1003 866 hec
1032 824 1088 866 sit
1117 824 1184 866 via
1213 823 1397 866 multum
1426 823 1574 883 longa,

84 894 210 936 multi
236 910 315 953 per
347 894 486 953 ipsam
514 895 642 937 ibunt
670 895 746 953 qui
773 911 852 953 per
880 895 1006 937 aliam
1040 895 1104 937 ire
1134 911 1223 937 non
1257 895 1470 937 auderent
1497 912 1578 938 nec

84 973 280 1024 possent.
613 971 617 976 '

143 1037 302 1080 Melius
329 1038 413 1080 erit
430 1037 475 1079 in
502 1037 707 1096 pluribus
734 1037 842 1080 locis
870 1054 1000 1096 quam
1021 1039 1065 1080 in
1092 1054 1181 1080 uno
1211 1039 1304 1081 solo
1331 1039 1482 1081 hostes
1510 1039 1578 1081 in-

85 1108 263 1151 sultare.
306 1110 391 1152 Per
426 1109 544 1151 illam
582 1109 694 1151 viam
732 1109 796 1151 ire
835 1118 1045 1168 poterunt
1092 1109 1339 1161 Alemanni,
1390 1111 1575 1170 Ungari,

85 1180 232 1230 Greci,
257 1188 300 1222 et
321 1196 472 1222 omnes
495 1181 609 1222 inter
625 1181 744 1239 ipsos
760 1188 803 1222 et
821 1181 1180 1239 Septentrionem
1202 1182 1477 1234 habitantes3
1500 1198 1579 1240 per

84 1251 197 1293 hanc
229 1251 339 1294 viam
374 1252 503 1294 ivisse
537 1251 626 1311 legi
658 1252 702 1293 in
742 1253 953 1309 Hystorc'a
991 1253 1402 1295 Hier·osolimz‘tana³
1437 1253 1578 1296 Fede-

84 1322 222 1364 ricum
259 1323 568 1381 imperatorem
607 1324 682 1381 qui
719 1323 973 1366 submersus
1010 1323 1091 1366 fuit
1133 1340 1229 1367 cum
1267 1341 1312 1366 se
1346 1325 1579 1367 balneabat

85 1401 266 1452 propter
289 1394 477 1436 calorem
499 1394 544 1436 in
572 1394 761 1452 quodam
788 1394 966 1437 flumine
995 1396 1246 1446 Hermenie,
1270 1404 1470 1454 tempore
1499 1397 1578 1439 Sa-

86 1463 281 1507 lahadini
326 1466 443 1525 regis
482 1465 744 1517 Asiriorum,
788 1466 864 1524 qui
908 1466 1082 1526 fugiens
1128 1475 1227 1509 ante
1268 1467 1578 1525 imperatorem

85 1536 242 1578 multas
269 1545 409 1579 terras
431 1545 474 1579 et
493 1537 706 1579 fortalicia
729 1537 895 1580 dimisit
917 1538 1075 1580 eidem.

144 1607 212 1650 Ad
239 1607 631 1650 transffretandum
666 1625 746 1667 per
774 1625 891 1651 mare
928 1610 1200 1668 recipiantur
1234 1610 1488 1669 quicunque
1525 1610 1579 1653 de

86 1679 233 1738 regnis
255 1679 430 1740 Anglie,
452 1680 652 1731 Francie,
676 1681 913 1739 Hyspanie,
938 1697 1089 1723 omnes
1106 1682 1431 1732 citramontani,
1457 1684 1579 1724 Lom-

85 1750 227 1802 bardi,
259 1752 382 1802 Tuci,
413 1751 562 1810 Apuli,
594 1751 834 1802 Calabrini,
867 1752 1020 1802 Siculi,
1052 1761 1095 1794 et
1123 1753 1304 1795 aliarum
1339 1753 1579 1795 insularum

84 1821 202 1864 illius
223 1823 353 1865 maris
380 1823 673 1875 habitatores;
704 1823 764 1866 ita
791 1824 909 1882 quod
937 1824 1000 1866 illi
1029 1825 1104 1882 qui
1133 1841 1250 1866 mare
1277 1825 1497 1867 timebunt
1525 1824 1580 1866 ad

86 1908 184 1935 suas
209 1894 428 1952 impensas
450 1903 493 1936 et
514 1894 687 1936 labores
708 1895 820 1937 viam
848 1895 1013 1954 eligant
1034 1895 1320 1955 longi01·em⁴.

138 2121 169 2153 1.
200 2119 252 2153 La
274 2119 450 2165 question
476 2119 526 2152 du
547 2119 656 2153 choix
682 2124 789 2153 entre
811 2119 844 2153 la
873 2119 956 2154 voie
981 2120 1025 2154 de
1052 2125 1152 2153 terre
1181 2125 1216 2154 et
1241 2120 1333 2154 celle
1359 2121 1404 2154 de
1425 2132 1504 2154 mer
1525 2126 1584 2154 est

61 2187 65 2190 ·
88 2167 257 2200 discutee
278 2179 346 2212 par
367 2172 453 2200 tous
475 2167 530 2200 les
546 2171 702 2200 auteurs
725 2167 770 2200 de
788 2167 933 2213 projets
949 2167 994 2201 de
1011 2168 1234 2208 croisades·
1255 2169 1451 2214 Raymond
1475 2168 1582 2202 Lulle

88 2226 256 2260 propose
278 2215 373 2248 deux
394 2226 507 2260 corps
530 2214 561 2246 d'
568 2214 798 2260 expedition,
820 2220 977 2260 passant
998 2215 1018 2248 Γ
1027 2228 1074 2248 un
1096 2228 1164 2261 par
1181 2216 1214 2249 le
1243 2215 1386 2255 Mame,
1410 2215 1528 2249 Tunis
1548 2221 1584 2249 et

88 2261 248 2307 Tripoli,
302 2261 433 2295 lautre
479 2273 546 2307 par
589 2261 908 2307 Constantinople
951 2268 988 2296 et
1026 2263 1059 2296 la
1091 2262 1212 2308 Syrie.
1261 2263 1311 2296 Le
1355 2263 1584 2296 dominicain

89 2309 350 2343 Guillaumed
355 2310 487 2349 Adam,
504 2309 567 2355 qui
583 2309 715 2343 ecrivit
736 2310 781 2342 de
801 2310 917 2344 1310
908 2323 924 2343 ιι
944 2311 1036 2344 1314
1058 2310 1091 2343 le
1104 2310 1215 2344 traite
1231 2312 1281 2343 De
1299 2309 1409 2344 modo
1428 2312 1585 2344 Sarace-

88 2368 156 2391 nos
177 2356 410 2404 extirpandi
442 2356 623 2390 conseille
639 2357 672 2390 le
689 2357 798 2402 trajet
819 2370 887 2403 par
915 2357 1246 2402 Constantinople,
1269 2363 1305 2391 et
1323 2358 1355 2391 la
1382 2358 1583 2391 fozmation

89 2404 200 2438 d'une
234 2405 378 2438 marine
412 2403 631 2437 chreitienne
664 2404 757 2438 dans
786 2404 819 2438 le
847 2405 947 2450 golfe
978 2405 1174 2450 Persique
1207 2405 1388 2444 Brocard,
1424 2406 1517 2438 dans
1552 2406 1584 2438 le

89 2451 351 2490 Directorium,
382 2463 548 2497 propose
577 2451 610 2485 la
640 2456 747 2485 route
776 2464 844 2497 par
872 2452 1004 2486 lItalie
1026 2458 1061 2486 et
1096 2452 1127 2485 la
1164 2452 1308 2486 Seibie.
1346 2453 1397 2486 Ie
1422 2452 1583 2486 venitien

90 2499 232 2534 Sauuto
265 2511 431 2545 propose
466 2499 498 2532 la
520 2498 604 2531 voie
625 2498 670 2532 de
691 2510 782 2532 mer.
805 2499 964 2540 Quant=
954 2513 973 2533 a
1005 2499 1166 2539 Dubois,
1188 2500 1213 2534 il
1235 2512 1275 2534 se
1294 2512 1488 2545 prononce
1510 2513 1528 2533 ιι
1551 2501 1583 2533 la

90 2547 163 2581 fois
185 2559 284 2593 pour
305 2547 359 2580 les
380 2547 475 2580 deux
498 2546 626 2579 voies:
652 2546 698 2579 cf.
722 2547 740 2590 ἓ
761 2547 841 2581 104.

139 2595 172 2628 2.
202 2594 396 2628 Andronic
419 2594 453 2627 11
476 2593 706 2638 Paleologue
726 2594 856 2639 (1282-
862 2594 982 2639 1328)

139 2643 173 2676 3.
202 2641 390 2687 Bongars,
419 2643 529 2675 Gesta
547 2640 615 2674 Dei
632 2652 698 2687 per
712 2642 891 2681 Francos
916 2641 944 2681 Ι,
970 2654 1007 2687 p.
1030 2643 1135 2676 1162.

141 2689 174 2723 4.
204 2689 387 2723 Memoire
410 2689 454 2722 de
473 2689 588 2722 1308.
608 2700 626 2719 «
649 2686 874 2722 Habitantes
897 2700 1014 2734 prope
1035 2689 1138 2735 ripas
1161 2689 1275 2722 maris
1297 2689 1395 2723 inter
1412 2689 1585 2723 Greciam

91 2741 127 2770 et
159 2736 270 2770 finem
292 2736 476 2790 Hispanie
507 2742 543 2769 et
573 2735 637 2769 alii
660 2748 708 2816 {u
712 2737 884 2782 icumque
906 2737 1076 2770 volentes
1098 2737 1219 2782 magis
1240 2748 1308 2782 per
1337 2749 1439 2771 mare
1475 2749 1586 2782 quam

95 2795 164 2829 per
184 2789 323 2818 terram
353 2783 561 2818 transirent
592 2782 630 2816 in
694 2795 843 2828 ypmm,
875 2788 910 2817 et
937 2784 1049 2817 credo
1081 2784 1202 2818 adhuc
1233 2784 1334 2830 quod
1365 2784 1424 2818 vix
1454 2789 1586 2830 posset

95 2842 164 2876 pro
187 2831 271 2865 istis
293 2830 470 2865 omnibus
494 2830 684 2864 sufficiens
707 2830 896 2875 navigium
919 2830 1133 2876 reperiri.»
