1942 3242
383 228 443 261 DE
475 225 897 261 RECUPERATIONE
929 224 1092 258 TERRE
1125 223 1323 257 SANCTE.
1555 223 1594 255 33

162 322 310 374 [XXIII]
361 318 448 364 40.
506 320 603 373 Que
650 316 904 360 reformatio
949 323 1087 358 status
1131 322 1314 373 propter
1358 314 1439 355 hos
1484 313 1593 355 fines
1615 324 1763 351 nemedes:
1799 333 1830 352 nu

101 389 248 432 taliter
274 389 554 432 devotissime
580 388 846 447 postuletur,
883 387 1089 430 videlicet
1119 385 1239 444 quod
1265 401 1459 427 summus
1486 401 1591 443 pon-

100 460 223 512 tifex,
254 461 330 520 qui
357 461 473 503 circa
506 461 734 503 maximam
761 458 1054 518 spiritualium
1083 473 1231 500 curam
1257 457 1495 515 plurimum
1528 465 1594 499 est

100 532 341 575 honeratus
369 540 411 575 et
432 540 688 590 occupatus,
706 531 767 573 ita
789 530 908 589 quod
928 530 1023 572 sine
1036 528 1331 588 spiritualium
1347 528 1594 587 prejudicio

102 604 307 663 regimini
334 619 512 647 suorum
538 602 847 661 temporalium
875 601 1145 644 sufficienter
1173 616 1326 643 vacare
1353 616 1441 642 non
1463 615 1595 659 posse

102 675 313 726 creditur,
368 675 580 733 inspectis
624 690 708 733 que
747 690 881 732 super
931 673 1166 723 fructibus,
1219 672 1509 730 proventibus
1554 679 1597 713 et

102 747 308 798 exitibus,
332 746 544 805 impensis
577 745 778 788 deductis
815 753 858 787 et
885 745 1128 787 honeribus
1171 743 1328 794 solitis,
1366 743 1419 786 ad
1453 743 1596 801 ipsum

102 818 334 877 pervenire
361 818 535 876 sibique
556 833 784 860 remanere
806 823 1146 866 consueverunt,
1170 815 1301 858 alicui
1322 831 1481 874 magno
1502 814 1597 874 regi

104 906 180 933 seu
207 889 416 949 principi,
443 888 512 931 vel
540 888 778 947 aliquibUS,
809 888 1041 931 tradantur
1066 888 1112 929 in
1138 894 1397 946 perpetuam
1432 886 1596 944 amphi-

102 961 276 1012 teosim,
307 961 500 1019 receptis
532 959 711 1018 optimis
745 960 1023 1002 cautionibus
1051 975 1136 1017 que
1167 959 1352 1018 cogitari
1388 966 1598 1016 poterunt

105 1049 238 1092 super
265 1048 409 1075 annua
429 1032 645 1091 pensione
672 1040 889 1090 perpetuo
917 1031 1072 1081 libere,
1109 1046 1372 1088 quacunque
1397 1030 1598 1072 subtrac-

104 1105 224 1147 tione
252 1111 469 1155 cessante,
511 1103 721 1145 solvenda
752 1103 798 1145 in
832 1118 1098 1162 quocunque
1131 1101 1227 1144 loco
1254 1101 1509 1159 patrimonii
1537 1101 1598 1143 sic

103 1175 270 1226 traditi,
307 1191 438 1234 quem
472 1174 677 1217 dominus
711 1190 824 1234 papa
863 1174 1035 1216 futurus
1071 1190 1152 1232 pro
1186 1182 1385 1231 tempore
1426 1173 1600 1215 duxerit

104 1246 372 1307 eligendum.
412 1246 486 1290 Sic
525 1262 653 1305 papa,
696 1247 772 1305 qui
810 1246 946 1288 totius
984 1246 1105 1304 pacis
1146 1254 1267 1288 actor
1301 1253 1344 1287 et
1373 1253 1600 1303 promotor

105 1317 238 1362 debet
269 1334 382 1370 esse,
429 1334 612 1378 guerras
644 1334 734 1360 non
764 1318 986 1369 movebit3
1033 1317 1235 1359 homines
1270 1333 1358 1359 non
1394 1317 1523 1359 faciet
1555 1317 1599 1359 in

105 1389 234 1432 bellis
246 1390 392 1433 subito
412 1389 507 1432 dira
527 1398 667 1432 morte
689 1389 822 1442 mori3
838 1390 900 1432 sic
913 1388 1108 1447 perfecte
1123 1389 1294 1431 vacabit
1306 1389 1597 1439 orationibus,

106 1461 400 1511 eleemosinis,
427 1460 806 1520 contemplationi,
836 1460 1032 1510 lectioni,
1058 1469 1101 1503 et
1123 1460 1323 1503 doctrine
1348 1460 1600 1518 Scriptura-

107 1549 219 1583 rum,
243 1533 596 1575 correctionibus
624 1532 919 1582 subditorum,
946 1532 1169 1590 justiciam
1200 1540 1243 1574 et
1266 1531 1482 1589 judicium
1509 1532 1601 1573 sin·

107 1605 223 1663 gulis
269 1603 498 1647 catholicis
539 1604 741 1646 faciendo
786 1603 969 1662 fierique
1008 1603 1218 1654 curando,
1264 1620 1410 1646 veram
1449 1619 1600 1662 pacem

109 1676 311 1718 omnibus
340 1675 506 1718 Christi
534 1675 739 1718 fidelibus
760 1675 1069 1733 procurando;
1093 1675 1241 1717 taliter
1268 1675 1388 1733 quod
1420 1675 1601 1733 pacifice

107 1748 301 1790 viventes
329 1747 444 1790 inter
466 1763 511 1789 se
533 1746 743 1789 Crucifixi
763 1747 1077 1805 patrimonium
1098 1763 1361 1805 recuperare
1388 1747 1602 1789 veraciter

109 1819 314 1861 studeant
345 1827 388 1861 et
427 1834 615 1861 servare.
659 1818 733 1861 Sic
766 1818 1068 1861 sanctissimus
1108 1834 1219 1877 papa
1251 1819 1484 1860 thesauros
1514 1834 1601 1860 non

112 1890 309 1933 studebit
330 1906 588 1949 aggregare,
619 1906 700 1932 nec
739 1906 760 1931 a
791 1890 1085 1948 spiritualium
1125 1889 1424 1932 sollicitudine
1455 1890 1601 1931 debita

108 1962 385 2013 retrahetur;
409 1961 538 2003 vitam
565 1961 696 2003 ducet
722 1960 1121 2020 contemplativam,
1153 1969 1195 2003 et
1222 1961 1403 2003 activam
1433 1961 1602 2003 favente

111 2032 455 2076 misericorditer
481 2033 697 2075 bonorum
719 2033 913 2075 omnium
941 2031 1191 2091 largitore¹.

162 2211 195 2244 1.
224 2209 372 2244 Dubois
390 2209 488 2244 avait
506 2209 589 2256 deja
610 2222 776 2256 propose
798 2211 892 2245 dans
912 2210 944 2244 le
963 2213 1014 2244 De
1035 2209 1287 2245 abreviatione
1302 2210 1335 2245 la
1358 2210 1603 2245 confiscation

115 2270 182 2304 par
203 2258 236 2292 le
266 2258 323 2291 roi
351 2258 396 2291 de
420 2258 561 2291 France
581 2258 629 2291 du
658 2258 883 2303 patrimoine
913 2259 958 2292 de
980 2258 1104 2292 Saint-
1111 2259 1239 2292 Pierre
1268 2258 1344 2303 (fol.
1372 2261 1428 2305 7):
1460 2272 1478 2292 «
1502 2260 1606 2293 Licet

115 2317 210 2351 papa
241 2305 278 2339 in
310 2317 428 2350 regno
460 2304 598 2344 Sicilie,
623 2305 724 2339 Urbe
754 2318 922 2345 romana,
955 2306 1082 2346 Tucia,
1116 2306 1315 2340 maritimis
1346 2312 1382 2340 et
1417 2307 1606 2341 montanis

115 2352 274 2399 aliisque
304 2352 415 2386 terris
438 2365 531 2406 quas
559 2352 690 2386 habuit
719 2365 761 2386 ex
796 2354 999 2387 donatione
1022 2354 1133 2399 primi
1160 2353 1332 2387 catholici
1364 2354 1606 2399 imperatoris

115 2399 357 2434 Constantini
377 2400 500 2433 omnia
519 2401 601 2445 jura
636 2400 846 2446 imperialia
874 2400 1028 2434 deberet
1050 2400 1189 2435 habere
1219 2407 1254 2434 et
1276 2402 1441 2445 gaudere
1464 2403 1508 2435 de
1530 2402 1606 2436 illis

116 2447 227 2493 pleno
251 2449 348 2493 jure,
373 2453 495 2480 tamen
519 2453 675 2493 propter
696 2449 878 2482 maliciam
910 2454 946 2482 et
967 2449 1194 2482 caliditatem
1217 2454 1253 2482 et
1283 2449 1452 2483 fraudem
1474 2450 1606 2494 hujus-

115 2496 217 2529 modi
239 2495 407 2529 locorum
431 2496 595 2540 gaudere
622 2507 814 2542 uunquam
845 2496 968 2542 potuit
997 2508 1064 2529 nec
1095 2502 1222 2542 potest
1253 2509 1366 2542 super
1401 2497 1473 2530 hiis
1496 2498 1607 2542 pleno

111 2542 242 2588 jure...
277 2543 318 2576 In
351 2555 530 2576 romanos
564 2543 763 2588 pontifices
797 2556 872 2577 non
911 2543 1104 2589 eliguntur
1142 2543 1217 2577 nisi
1253 2556 1363 2577 senes
1400 2549 1464 2578 aut
1497 2545 1607 2578 etiam

116 2590 311 2636 decrepiti.
337 2590 558 2636 plerumque
588 2602 662 2623 non
691 2590 841 2624 nobiles
872 2603 1022 2636 genere.
1047 2591 1084 2625 in
1116 2591 1231 2624 armis
1262 2604 1336 2624 non
1367 2593 1510 2637 experti
1542 2605 1608 2626 nec

116 2638 272 2672 assueti.
296 2638 497 2679 Quomodo
519 2643 642 2671 autem
663 2637 763 2678 talis,
789 2638 852 2684 qui
873 2651 948 2672 non
969 2638 1082 2672 habet
1103 2639 1243 2672 amicos
1265 2638 1483 2678 bellicosos,
1503 2641 1609 2674 affec-

118 2685 219 2719 tione
255 2685 452 2731 sanguinis
485 2684 557 2718 sibi
588 2685 823 2730 coujunctos
856 2686 987 2719 talium
1019 2685 1304 2720 subditorum...
1339 2686 1538 2732 superbias
1572 2687 1609 2721 in

118 2732 267 2767 modico
286 2738 456 2787 tempore
471 2744 545 2778 quo
558 2731 668 2772 vivet,
685 2738 739 2766 tot
759 2732 990 2767 rebelliones
1012 2739 1048 2767 et
1065 2733 1225 2768 insidias
1241 2734 1382 2780 poterit
1403 2746 1603 2780 superare
1596 2734 1610 2760 i’

118 2779 203 2814 Non
227 2786 286 2814 est
306 2780 449 2814 racioni
471 2791 681 2814 consonum
703 2792 770 2815 nec
791 2781 996 2815 verisimile
1019 2782 1119 2827 quod
1143 2781 1212 2815 hoc
1232 2781 1356 2827 possit
1376 2781 1538 2822 evenire,
1560 2788 1607 2822 et,

121 2827 206 2873 quia
229 2828 287 2862 vix
313 2832 376 2862 aut
396 2840 587 2874 nunquam
608 2828 730 2862 evenit
753 2828 989 2874 temporibus
1011 2829 1225 2869 retroactis
1243 2829 1346 2875 juxta
1369 2829 1464 2875 legis
1483 2830 1610 2863 consi-

305 2905 421 2937 Pierre
443 2903 584 2937 Dubois.
1406 2906 1424 2937 3

1647 361 1770 403 pressiori
1848 369 1866 387 n

1649 397 1806 431 pntrimoine
1832 396 1865 423 de

1649 432 1739 460 Saint—
1742 434 1847 460 Pierre.
