<?xml version="1.0" encoding="UTF-8"?>
<!DOCTYPE html PUBLIC "-//W3C//DTD XHTML 1.0 Transitional//EN"
    "http://www.w3.org/TR/xhtml1/DTD/xhtml1-transitional.dtd">
<html xmlns="http://www.w3.org/1999/xhtml" xml:lang="en" lang="en">
 <head>
  <title>
</title>
<meta http-equiv="Content-Type" content="text/html;charset=utf-8" />
  <meta name='ocr-system' content='tesseract 3.04.00' />
  <meta name='ocr-capabilities' content='ocr_page ocr_carea ocr_par ocr_line ocrx_word'/>
</head>
<body>
  <div class='ocr_page' id='page_1' title='image "./derecuperationet00dubouoft_0146.png"; bbox 0 0 1942 3242; ppageno 0'>
   <div class='ocr_carea' id='block_1_1' title="bbox 344 237 1295 273">
    <p class='ocr_par' dir='ltr' id='par_1_1' title="bbox 344 237 1295 273">
     <span class='ocr_line' id='line_1_1' title="bbox 344 237 1295 273; baseline 0.005 -5"><span class='ocrx_word' id='word_1_1' title='bbox 344 237 404 269; x_wconf 87' lang='grc'><strong>118</strong></span> <span class='ocrx_word' id='word_1_2' title='bbox 891 239 1075 272; x_wconf 87' lang='lat' dir='ltr'><strong>PIERRE&#39;</strong></span> <span class='ocrx_word' id='word_1_3' title='bbox 1105 240 1295 273; x_wconf 88' lang='lat' dir='ltr'><strong>DUBOIS.</strong></span> 
     </span>
    </p>
   </div>
   <div class='ocr_carea' id='block_1_2' title="bbox 343 325 1838 674">
    <p class='ocr_par' dir='ltr' id='par_1_2' title="bbox 343 325 1838 674">
     <span class='ocr_line' id='line_1_2' title="bbox 346 325 1838 391; baseline 0.007 -24"><span class='ocrx_word' id='word_1_4' title='bbox 346 325 434 367; x_wconf 90' lang='lat' dir='ltr'><strong>sic:</strong></span> <span class='ocrx_word' id='word_1_5' title='bbox 485 327 581 369; x_wconf 82' lang='lat' dir='ltr'><strong>Una</strong></span> <span class='ocrx_word' id='word_1_6' title='bbox 611 337 675 370; x_wconf 84' lang='lat' dir='ltr'><strong>est</strong></span> <span class='ocrx_word' id='word_1_7' title='bbox 715 334 800 382; x_wconf 71' lang='lat' dir='ltr'><strong>via,</strong></span> <span class='ocrx_word' id='word_1_8' title='bbox 846 329 1039 372; x_wconf 72' lang='lat' dir='ltr'><strong>videlicet</strong></span> <span class='ocrx_word' id='word_1_9' title='bbox 1079 339 1213 383; x_wconf 83' lang='lat' dir='ltr'><strong>recta,</strong></span> <span class='ocrx_word' id='word_1_10' title='bbox 1258 347 1338 390; x_wconf 84' lang='lat' dir='ltr'><strong>que</strong></span> <span class='ocrx_word' id='word_1_11' title='bbox 1370 332 1485 374; x_wconf 80' lang='lat' dir='ltr'><strong>ducit</strong></span> <span class='ocrx_word' id='word_1_12' title='bbox 1521 340 1730 391; x_wconf 80' lang='lat' dir='ltr'><em>sagittam</em></span> <span class='ocrx_word' id='word_1_13' title='bbox 1775 336 1838 378; x_wconf 87' lang='lat' dir='ltr'><strong>ad</strong></span> 
     </span>
     <span class='ocr_line' id='line_1_3' title="bbox 343 399 1828 466; baseline 0.007 -28"><span class='ocrx_word' id='word_1_14' title='bbox 343 403 545 455; x_wconf 77' lang='lat' dir='ltr'><strong>signum,·</strong></span> <span class='ocrx_word' id='word_1_15' title='bbox 573 399 839 442; x_wconf 65' lang='lat' dir='ltr'><strong>declinantes·</strong></span> <span class='ocrx_word' id='word_1_16' title='bbox 873 416 970 442; x_wconf 81' lang='lat' dir='ltr'><strong>vero</strong></span> <span class='ocrx_word' id='word_1_17' title='bbox 1007 401 1116 442; x_wconf 83' lang='lat' dir='ltr'><strong>linee</strong></span> <span class='ocrx_word' id='word_1_18' title='bbox 1153 418 1182 442; x_wconf 84' lang='lat' dir='ltr'><em>a</em></span> <span class='ocrx_word' id='word_1_19' title='bbox 1220 411 1356 456; x_wconf 80' lang='lat' dir='ltr'><strong>recta,</strong></span> <span class='ocrx_word' id='word_1_20' title='bbox 1392 419 1473 462; x_wconf 80' lang='lat' dir='ltr'><strong>que</strong></span> <span class='ocrx_word' id='word_1_21' title='bbox 1510 415 1614 446; x_wconf 75' lang='lat' dir='ltr'><strong>sunt</strong></span> <span class='ocrx_word' id='word_1_22' title='bbox 1643 406 1828 466; x_wconf 81' lang='lat' dir='ltr'><em>oblique,</em></span> 
     </span>
     <span class='ocr_line' id='line_1_4' title="bbox 343 469 1832 530; baseline 0.006 -20"><span class='ocrx_word' id='word_1_23' title='bbox 343 469 657 526; x_wconf 79' lang='lat' dir='ltr'><strong>sunt-infinite.</strong></span> <span class='ocrx_word' id='word_1_24' title='bbox 694 470 864 513; x_wconf 85' lang='lat' dir='ltr'><strong>Idcirco</strong></span> <span class='ocrx_word' id='word_1_25' title='bbox 905 471 1012 514; x_wconf 88' lang='lat' dir='ltr'><strong>dicit</strong></span> <span class='ocrx_word' id='word_1_26' title='bbox 1046 472 1166 530; x_wconf 91' lang='lat' dir='ltr'><strong>quod</strong></span> <span class='ocrx_word' id='word_1_27' title='bbox 1213 472 1326 515; x_wconf 90' lang='lat' dir='ltr'><strong>viam</strong></span> <span class='ocrx_word' id='word_1_28' title='bbox 1370 474 1560 516; x_wconf 84' lang='lat' dir='ltr'><strong>mediam</strong></span> <span class='ocrx_word' id='word_1_29' title='bbox 1594 486 1746 518; x_wconf 88' lang='lat' dir='ltr'><strong>tenere</strong></span> <span class='ocrx_word' id='word_1_30' title='bbox 1788 477 1832 519; x_wconf 90' lang='lat' dir='ltr'><strong>in</strong></span> 
     </span>
     <span class='ocr_line' id='line_1_5' title="bbox 345 539 1833 604; baseline 0.007 -23"><span class='ocrx_word' id='word_1_31' title='bbox 345 539 558 583; x_wconf 85' lang='lat' dir='ltr'><strong>virtutum</strong></span> <span class='ocrx_word' id='word_1_32' title='bbox 585 541 795 599; x_wconf 88' lang='lat' dir='ltr'>operibus</span> <span class='ocrx_word' id='word_1_33' title='bbox 828 542 1006 585; x_wconf 86' lang='lat' dir='ltr'><strong>difficile</strong></span> <span class='ocrx_word' id='word_1_34' title='bbox 1034 555 1114 594; x_wconf 86' lang='lat' dir='ltr'><strong>est,</strong></span> <span class='ocrx_word' id='word_1_35' title='bbox 1152 543 1266 587; x_wconf 91' lang='lat' dir='ltr'><strong>sicut</strong></span> <span class='ocrx_word' id='word_1_36' title='bbox 1292 545 1516 604; x_wconf 85' lang='lat' dir='ltr'>sagittare,</span> <span class='ocrx_word' id='word_1_37' title='bbox 1548 546 1708 590; x_wconf 86' lang='lat' dir='ltr'><strong>lineam</strong></span> <span class='ocrx_word' id='word_1_38' title='bbox 1736 564 1833 591; x_wconf 88' lang='lat' dir='ltr'><strong>rec-</strong></span> 
     </span>
     <span class='ocr_line' id='line_1_6' title="bbox 343 601 1391 674; baseline 0.006 -21"><span class='ocrx_word' id='word_1_39' title='bbox 343 601 430 654; x_wconf 70' lang='lat' dir='ltr'><strong>tam</strong></span> <span class='ocrx_word' id='word_1_40' title='bbox 451 629 541 654; x_wconf 90' lang='lat' dir='ltr'><strong>non</strong></span> <span class='ocrx_word' id='word_1_41' title='bbox 569 613 850 666; x_wconf 83' lang='lat' dir='ltr'><strong>declinando,</strong></span> <span class='ocrx_word' id='word_1_42' title='bbox 882 615 1059 674; x_wconf 84' lang='lat' dir='ltr'><strong>signum</strong></span> <span class='ocrx_word' id='word_1_43' title='bbox 1082 615 1391 674; x_wconf 88' lang='lat' dir='ltr'><strong>percutiendo.</strong></span> 
     </span>
    </p>
   </div>
   <div class='ocr_carea' id='block_1_3' title="bbox 342 754 1833 1100">
    <p class='ocr_par' dir='ltr' id='par_1_3' title="bbox 342 754 1833 1100">
     <span class='ocr_line' id='line_1_7' title="bbox 344 754 1832 817; baseline 0.004 -20"><span class='ocrx_word' id='word_1_44' title='bbox 344 786 353 797; x_wconf 83' lang='lat'><em>.</em></span> <span class='ocrx_word' id='word_1_45' title='bbox 406 754 522 800; x_wconf 83' lang='grc'><strong>125.</strong></span> <span class='ocrx_word' id='word_1_46' title='bbox 559 757 686 799; x_wconf 90' lang='lat' dir='ltr'><strong>Nunc</strong></span> <span class='ocrx_word' id='word_1_47' title='bbox 714 767 858 799; x_wconf 87' lang='lat' dir='ltr'><strong>autem</strong></span> <span class='ocrx_word' id='word_1_48' title='bbox 882 757 1110 814; x_wconf 84' lang='lat' dir='ltr'><strong>premissis</strong></span> <span class='ocrx_word' id='word_1_49' title='bbox 1139 758 1376 817; x_wconf 86' lang='lat' dir='ltr'><strong>diligenter</strong></span> <span class='ocrx_word' id='word_1_50' title='bbox 1404 760 1583 802; x_wconf 89' lang='lat' dir='ltr'><strong>attentis</strong></span> <span class='ocrx_word' id='word_1_51' title='bbox 1607 761 1713 803; x_wconf 88' lang='lat' dir='ltr'><strong>velit</strong></span> <span class='ocrx_word' id='word_1_52' title='bbox 1733 777 1832 803; x_wconf 89' lang='lat' dir='ltr'><strong>con—</strong></span> 
     </span>
     <span class='ocr_line' id='line_1_8' title="bbox 343 826 1830 890; baseline 0.005 -22"><span class='ocrx_word' id='word_1_53' title='bbox 343 826 536 869; x_wconf 84' lang='lat' dir='ltr'><strong>siderare</strong></span> <span class='ocrx_word' id='word_1_54' title='bbox 564 827 683 886; x_wconf 81' lang='lat' dir='ltr'><strong>regia</strong></span> <span class='ocrx_word' id='word_1_55' title='bbox 707 830 927 886; x_wconf 82' lang='lat' dir='ltr'><strong>majestas,</strong></span> <span class='ocrx_word' id='word_1_56' title='bbox 953 839 996 870; x_wconf 86' lang='lat' dir='ltr'><strong>et</strong></span> <span class='ocrx_word' id='word_1_57' title='bbox 1012 830 1130 886; x_wconf 87' lang='lat' dir='ltr'><strong>juste</strong></span> <span class='ocrx_word' id='word_1_58' title='bbox 1151 831 1371 872; x_wconf 89' lang='lat' dir='ltr'><strong>neminem</strong></span> <span class='ocrx_word' id='word_1_59' title='bbox 1402 831 1593 873; x_wconf 90' lang='lat' dir='ltr'><strong>ledendo</strong></span> <span class='ocrx_word' id='word_1_60' title='bbox 1612 832 1830 890; x_wconf 82' lang='lat' dir='ltr'><strong>judicare,</strong></span> 
     </span>
     <span class='ocr_line' id='line_1_9' title="bbox 343 899 1833 958; baseline 0.005 -18"><span class='ocrx_word' id='word_1_61' title='bbox 343 910 491 940; x_wconf 89' lang='lat' dir='ltr'><strong>utrum</strong></span> <span class='ocrx_word' id='word_1_62' title='bbox 525 901 644 956; x_wconf 85' lang='lat' dir='ltr'><strong>juste</strong></span> <span class='ocrx_word' id='word_1_63' title='bbox 678 910 720 941; x_wconf 90' lang='lat' dir='ltr'><strong>et</strong></span> <span class='ocrx_word' id='word_1_64' title='bbox 763 899 959 958; x_wconf 84' lang='lat' dir='ltr'>legitime</span> <span class='ocrx_word' id='word_1_65' title='bbox 994 900 1228 943; x_wconf 81' lang='lat' dir='ltr'><strong>deventum</strong></span> <span class='ocrx_word' id='word_1_66' title='bbox 1264 913 1330 943; x_wconf 89' lang='lat' dir='ltr'><strong>est</strong></span> <span class='ocrx_word' id='word_1_67' title='bbox 1351 902 1456 944; x_wconf 83' lang='lat' dir='ltr'><strong>alias</strong></span> <span class='ocrx_word' id='word_1_68' title='bbox 1479 903 1533 945; x_wconf 86' lang='lat' dir='ltr'><strong>ad</strong></span> <span class='ocrx_word' id='word_1_69' title='bbox 1558 904 1833 946; x_wconf 87' lang='lat' dir='ltr'><strong>retrobannii</strong></span> 
     </span>
     <span class='ocr_line' id='line_1_10' title="bbox 343 970 1831 1033; baseline 0.005 -22"><span class='ocrx_word' id='word_1_70' title='bbox 343 981 384 1011; x_wconf 90' lang='lat' dir='ltr'><strong>et</strong></span> <span class='ocrx_word' id='word_1_71' title='bbox 435 970 720 1013; x_wconf 83' lang='lat' dir='ltr'><strong>ecclesiarum</strong></span> <span class='ocrx_word' id='word_1_72' title='bbox 767 971 1016 1014; x_wconf 89' lang='lat' dir='ltr'><strong>subsidium</strong></span> <span class='ocrx_word' id='word_1_73' title='bbox 1058 974 1110 1015; x_wconf 86' lang='lat' dir='ltr'><strong>ab</strong></span> <span class='ocrx_word' id='word_1_74' title='bbox 1150 972 1296 1015; x_wconf 87' lang='lat' dir='ltr'><strong>invitis</strong></span> <span class='ocrx_word' id='word_1_75' title='bbox 1349 984 1393 1015; x_wconf 89' lang='lat' dir='ltr'><strong>et</strong></span> <span class='ocrx_word' id='word_1_76' title='bbox 1445 974 1688 1033; x_wconf 85' lang='lat' dir='ltr'><strong>compulsis</strong></span> <span class='ocrx_word' id='word_1_77' title='bbox 1740 975 1831 1018; x_wconf 88' lang='lat' dir='ltr'><strong>exi-</strong></span> 
     </span>
     <span class='ocr_line' id='line_1_11' title="bbox 342 1042 554 1100; baseline 0.005 -17"><span class='ocrx_word' id='word_1_78' title='bbox 342 1042 554 1100; x_wconf 86' lang='lat' dir='ltr'><strong>gendum.</strong></span> 
     </span>
    </p>
   </div>
   <div class='ocr_carea' id='block_1_4' title="bbox 339 1183 1834 1531">
    <p class='ocr_par' dir='ltr' id='par_1_4' title="bbox 339 1183 1834 1531">
     <span class='ocr_line' id='line_1_12' title="bbox 407 1183 1834 1247; baseline 0.002 -19"><span class='ocrx_word' id='word_1_79' title='bbox 407 1183 524 1229; x_wconf 79' lang='lat'><strong>126.</strong></span> <span class='ocrx_word' id='word_1_80' title='bbox 566 1185 747 1227; x_wconf 85' lang='lat' dir='ltr'><strong>Certum</strong></span> <span class='ocrx_word' id='word_1_81' title='bbox 778 1196 843 1227; x_wconf 88' lang='lat' dir='ltr'><strong>est</strong></span> <span class='ocrx_word' id='word_1_82' title='bbox 872 1186 992 1244; x_wconf 90' lang='lat' dir='ltr'><strong>quod</strong></span> <span class='ocrx_word' id='word_1_83' title='bbox 1015 1186 1222 1229; x_wconf 87' lang='lat' dir='ltr'><strong>dominus</strong></span> <span class='ocrx_word' id='word_1_84' title='bbox 1244 1203 1334 1238; x_wconf 89' lang='lat' dir='ltr'><strong>rex,</strong></span> <span class='ocrx_word' id='word_1_85' title='bbox 1361 1189 1486 1246; x_wconf 90' lang='lat' dir='ltr'><strong>cujus</strong></span> <span class='ocrx_word' id='word_1_86' title='bbox 1515 1188 1699 1231; x_wconf 88' lang='lat' dir='ltr'><strong>interest</strong></span> <span class='ocrx_word' id='word_1_87' title='bbox 1718 1189 1834 1247; x_wconf 87' lang='lat' dir='ltr'><strong>prin-</strong></span> 
     </span>
     <span class='ocr_line' id='line_1_13' title="bbox 342 1255 1830 1317; baseline 0.004 -20"><span class='ocrx_word' id='word_1_88' title='bbox 342 1255 528 1314; x_wconf 84' lang='lat' dir='ltr'><strong>cipalius</strong></span> <span class='ocrx_word' id='word_1_89' title='bbox 558 1265 600 1298; x_wconf 82' lang='lat' dir='ltr'><strong>et</strong></span> <span class='ocrx_word' id='word_1_90' title='bbox 628 1256 672 1298; x_wconf 89' lang='lat' dir='ltr'><strong>in</strong></span> <span class='ocrx_word' id='word_1_91' title='bbox 694 1257 794 1314; x_wconf 90' lang='lat' dir='ltr'><strong>plus</strong></span> <span class='ocrx_word' id='word_1_92' title='bbox 819 1274 948 1316; x_wconf 86' lang='lat' dir='ltr'><strong>quam</strong></span> <span class='ocrx_word' id='word_1_93' title='bbox 973 1257 1176 1309; x_wconf 87' lang='lat' dir='ltr'><strong>aliorum,</strong></span> <span class='ocrx_word' id='word_1_94' title='bbox 1207 1275 1394 1317; x_wconf 85' lang='lat' dir='ltr'><strong>regnum</strong></span> <span class='ocrx_word' id='word_1_95' title='bbox 1417 1259 1656 1302; x_wconf 84' lang='lat' dir='ltr'><strong>defendere</strong></span> <span class='ocrx_word' id='word_1_96' title='bbox 1679 1261 1830 1314; x_wconf 83' lang='lat' dir='ltr'><strong>debet3</strong></span> 
     </span>
     <span class='ocr_line' id='line_1_14' title="bbox 344 1328 1830 1391; baseline 0.003 -22"><span class='ocrx_word' id='word_1_97' title='bbox 344 1344 425 1385; x_wconf 88' lang='lat' dir='ltr'><strong>pro</strong></span> <span class='ocrx_word' id='word_1_98' title='bbox 454 1330 548 1385; x_wconf 84' lang='lat' dir='ltr'><strong>ejus</strong></span> <span class='ocrx_word' id='word_1_99' title='bbox 577 1328 836 1371; x_wconf 86' lang='lat' dir='ltr'><strong>defensione</strong></span> <span class='ocrx_word' id='word_1_100' title='bbox 864 1346 909 1371; x_wconf 92' lang='lat' dir='ltr'><strong>se</strong></span> <span class='ocrx_word' id='word_1_101' title='bbox 930 1346 1166 1388; x_wconf 81' lang='lat' dir='ltr'><strong>preparare</strong></span> <span class='ocrx_word' id='word_1_102' title='bbox 1188 1347 1287 1373; x_wconf 88' lang='lat' dir='ltr'><strong>cum</strong></span> <span class='ocrx_word' id='word_1_103' title='bbox 1310 1330 1527 1382; x_wconf 82' lang='lat' dir='ltr'><strong>imminet,</strong></span> <span class='ocrx_word' id='word_1_104' title='bbox 1552 1342 1595 1374; x_wconf 87' lang='lat' dir='ltr'><strong>et</strong></span> <span class='ocrx_word' id='word_1_105' title='bbox 1614 1348 1830 1391; x_wconf 82' lang='lat' dir='ltr'><strong>pugnare,</strong></span> 
     </span>
     <span class='ocr_line' id='line_1_15' title="bbox 341 1400 1833 1460; baseline 0.004 -20"><span class='ocrx_word' id='word_1_106' title='bbox 341 1415 429 1440; x_wconf 91' lang='lat' dir='ltr'><strong>non</strong></span> <span class='ocrx_word' id='word_1_107' title='bbox 452 1400 587 1450; x_wconf 89' lang='lat' dir='ltr'><strong>solus,</strong></span> <span class='ocrx_word' id='word_1_108' title='bbox 619 1400 697 1442; x_wconf 88' lang='lat' dir='ltr'><strong>sed</strong></span> <span class='ocrx_word' id='word_1_109' title='bbox 724 1412 858 1458; x_wconf 89' lang='lat' dir='ltr'><strong>prout</strong></span> <span class='ocrx_word' id='word_1_110' title='bbox 885 1401 1012 1443; x_wconf 89' lang='lat' dir='ltr'><strong>decet</strong></span> <span class='ocrx_word' id='word_1_111' title='bbox 1039 1404 1134 1460; x_wconf 87' lang='lat' dir='ltr'><strong>ejus</strong></span> <span class='ocrx_word' id='word_1_112' title='bbox 1161 1413 1339 1452; x_wconf 88' lang='lat' dir='ltr'><strong>statum,</strong></span> <span class='ocrx_word' id='word_1_113' title='bbox 1377 1403 1659 1446; x_wconf 85' lang='lat' dir='ltr'><strong>commodum</strong></span> <span class='ocrx_word' id='word_1_114' title='bbox 1689 1415 1733 1446; x_wconf 91' lang='lat' dir='ltr'><strong>et</strong></span> <span class='ocrx_word' id='word_1_115' title='bbox 1766 1404 1833 1446; x_wconf 93' lang='lat' dir='ltr'><strong>di-</strong></span> 
     </span>
     <span class='ocr_line' id='line_1_16' title="bbox 339 1470 1828 1531; baseline 0.004 -19"><span class='ocrx_word' id='word_1_116' title='bbox 339 1470 488 1522; x_wconf 82' lang='lat' dir='ltr'><strong>vicias,</strong></span> <span class='ocrx_word' id='word_1_117' title='bbox 515 1472 685 1514; x_wconf 83' lang='lat' dir='ltr'><strong>ratione</strong></span> <span class='ocrx_word' id='word_1_118' title='bbox 719 1472 860 1530; x_wconf 86' lang='lat' dir='ltr'><strong>regni,</strong></span> <span class='ocrx_word' id='word_1_119' title='bbox 891 1485 1024 1531; x_wconf 89' lang='lat' dir='ltr'><strong>prout</strong></span> <span class='ocrx_word' id='word_1_120' title='bbox 1057 1473 1124 1516; x_wconf 91' lang='lat' dir='ltr'><strong>sui</strong></span> <span class='ocrx_word' id='word_1_121' title='bbox 1151 1485 1453 1516; x_wconf 83' lang='lat' dir='ltr'><strong>antecessores</strong></span> <span class='ocrx_word' id='word_1_122' title='bbox 1481 1474 1585 1517; x_wconf 90' lang='lat' dir='ltr'><strong>olim</strong></span> <span class='ocrx_word' id='word_1_123' title='bbox 1614 1474 1828 1518; x_wconf 89' lang='lat' dir='ltr'><strong>fecerunt.</strong></span> 
     </span>
    </p>
   </div>
   <div class='ocr_carea' id='block_1_5' title="bbox 339 1613 1831 2388">
    <p class='ocr_par' dir='ltr' id='par_1_5' title="bbox 339 1613 1831 2388">
     <span class='ocr_line' id='line_1_17' title="bbox 405 1613 1828 1674; baseline 0.001 -16"><span class='ocrx_word' id='word_1_124' title='bbox 405 1613 521 1659; x_wconf 78' lang='grc'><strong>127.</strong></span> <span class='ocrx_word' id='word_1_125' title='bbox 558 1616 667 1656; x_wconf 87' lang='lat' dir='ltr'><strong>Item</strong></span> <span class='ocrx_word' id='word_1_126' title='bbox 696 1631 776 1672; x_wconf 81' lang='lat' dir='ltr'><strong>pro</strong></span> <span class='ocrx_word' id='word_1_127' title='bbox 805 1615 970 1674; x_wconf 82' lang='lat' dir='ltr'><strong>regnis,</strong></span> <span class='ocrx_word' id='word_1_128' title='bbox 997 1615 1247 1667; x_wconf 80' lang='lat' dir='ltr'><strong>ducatibus,</strong></span> <span class='ocrx_word' id='word_1_129' title='bbox 1285 1617 1583 1668; x_wconf 81' lang='lat' dir='ltr'><strong>comitatibus,</strong></span> <span class='ocrx_word' id='word_1_130' title='bbox 1617 1617 1828 1668; x_wconf 86' lang='lat' dir='ltr'><strong>baroniis,</strong></span> 
     </span>
     <span class='ocr_line' id='line_1_18' title="bbox 342 1685 1827 1745; baseline 0.003 -18"><span class='ocrx_word' id='word_1_131' title='bbox 342 1685 608 1728; x_wconf 82' lang='lat' dir='ltr'><strong>castellaniis</strong></span> <span class='ocrx_word' id='word_1_132' title='bbox 636 1697 679 1727; x_wconf 91' lang='lat' dir='ltr'><strong>et</strong></span> <span class='ocrx_word' id='word_1_133' title='bbox 705 1686 800 1728; x_wconf 85' lang='lat' dir='ltr'><strong>aliis</strong></span> <span class='ocrx_word' id='word_1_134' title='bbox 829 1686 985 1738; x_wconf 85' lang='lat' dir='ltr'><strong>feodis,</strong></span> <span class='ocrx_word' id='word_1_135' title='bbox 1017 1704 1102 1745; x_wconf 89' lang='lat' dir='ltr'><strong>que</strong></span> <span class='ocrx_word' id='word_1_136' title='bbox 1125 1687 1240 1730; x_wconf 91' lang='lat' dir='ltr'><strong>idem</strong></span> <span class='ocrx_word' id='word_1_137' title='bbox 1270 1688 1476 1730; x_wconf 88' lang='lat' dir='ltr'><strong>dominus</strong></span> <span class='ocrx_word' id='word_1_138' title='bbox 1498 1705 1574 1730; x_wconf 88' lang='lat' dir='ltr'><strong>rex</strong></span> <span class='ocrx_word' id='word_1_139' title='bbox 1606 1705 1629 1731; x_wconf 85' lang='lat' dir='ltr'>a</span> <span class='ocrx_word' id='word_1_140' title='bbox 1651 1700 1827 1731; x_wconf 86' lang='lat' dir='ltr'><strong>centum</strong></span> 
     </span>
     <span class='ocr_line' id='line_1_19' title="bbox 340 1757 1831 1819; baseline 0.003 -21"><span class='ocrx_word' id='word_1_141' title='bbox 340 1757 466 1799; x_wconf 84' lang='lat' dir='ltr'><strong>annis</strong></span> <span class='ocrx_word' id='word_1_142' title='bbox 490 1757 598 1799; x_wconf 87' lang='lat' dir='ltr'><strong>citra</strong></span> <span class='ocrx_word' id='word_1_143' title='bbox 623 1757 875 1816; x_wconf 86' lang='lat' dir='ltr'><strong>adquisivit,</strong></span> <span class='ocrx_word' id='word_1_144' title='bbox 910 1759 1042 1801; x_wconf 91' lang='lat' dir='ltr'><strong>debet</strong></span> <span class='ocrx_word' id='word_1_145' title='bbox 1068 1770 1339 1819; x_wconf 82' lang='lat' dir='ltr'><strong>pugnatores</strong></span> <span class='ocrx_word' id='word_1_146' title='bbox 1368 1776 1554 1818; x_wconf 87' lang='lat' dir='ltr'><strong>querere</strong></span> <span class='ocrx_word' id='word_1_147' title='bbox 1582 1760 1735 1802; x_wconf 85' lang='lat' dir='ltr'><strong>saltem</strong></span> <span class='ocrx_word' id='word_1_148' title='bbox 1766 1771 1831 1802; x_wconf 89' lang='lat' dir='ltr'><strong>tot</strong></span> 
     </span>
     <span class='ocr_line' id='line_1_20' title="bbox 341 1830 1829 1889; baseline 0.002 -19"><span class='ocrx_word' id='word_1_149' title='bbox 341 1841 449 1886; x_wconf 88' lang='lat' dir='ltr'><strong>quot</strong></span> <span class='ocrx_word' id='word_1_150' title='bbox 476 1841 715 1887; x_wconf 85' lang='lat' dir='ltr'><strong>quererent</strong></span> <span class='ocrx_word' id='word_1_151' title='bbox 740 1841 782 1872; x_wconf 87' lang='lat' dir='ltr'><strong>et</strong></span> <span class='ocrx_word' id='word_1_152' title='bbox 802 1830 1017 1872; x_wconf 86' lang='lat' dir='ltr'><strong>haberent</strong></span> <span class='ocrx_word' id='word_1_153' title='bbox 1043 1831 1106 1872; x_wconf 91' lang='lat' dir='ltr'><strong>illi</strong></span> <span class='ocrx_word' id='word_1_154' title='bbox 1134 1830 1178 1872; x_wconf 91' lang='lat' dir='ltr'><strong>in</strong></span> <span class='ocrx_word' id='word_1_155' title='bbox 1205 1847 1396 1889; x_wconf 86' lang='lat' dir='ltr'><strong>quorum</strong></span> <span class='ocrx_word' id='word_1_156' title='bbox 1425 1833 1498 1888; x_wconf 86' lang='lat' dir='ltr'><strong>jus</strong></span> <span class='ocrx_word' id='word_1_157' title='bbox 1531 1843 1575 1873; x_wconf 87' lang='lat' dir='ltr'><strong>et</strong></span> <span class='ocrx_word' id='word_1_158' title='bbox 1604 1832 1698 1873; x_wconf 85' lang='lat' dir='ltr'><strong>loca</strong></span> <span class='ocrx_word' id='word_1_159' title='bbox 1728 1847 1829 1874; x_wconf 86' lang='lat' dir='ltr'><strong>suc-</strong></span> 
     </span>
     <span class='ocr_line' id='line_1_21' title="bbox 341 1900 1829 1959; baseline 0.002 -18"><span class='ocrx_word' id='word_1_160' title='bbox 341 1900 486 1951; x_wconf 84' lang='lat' dir='ltr'><strong>cessit,</strong></span> <span class='ocrx_word' id='word_1_161' title='bbox 519 1901 554 1942; x_wconf 90' lang='lat' dir='ltr'><strong>si</strong></span> <span class='ocrx_word' id='word_1_162' title='bbox 585 1901 841 1959; x_wconf 89' lang='lat' dir='ltr'><strong>hujusmodi</strong></span> <span class='ocrx_word' id='word_1_163' title='bbox 873 1901 1001 1944; x_wconf 83' lang='lat' dir='ltr'><strong>feoda</strong></span> <span class='ocrx_word' id='word_1_164' title='bbox 1028 1914 1260 1954; x_wconf 85' lang='lat' dir='ltr'><strong>tenerent;</strong></span> <span class='ocrx_word' id='word_1_165' title='bbox 1299 1902 1430 1944; x_wconf 90' lang='lat' dir='ltr'><strong>debet</strong></span> <span class='ocrx_word' id='word_1_166' title='bbox 1461 1902 1591 1944; x_wconf 81' lang='lat' dir='ltr'><strong>etiam</strong></span> <span class='ocrx_word' id='word_1_167' title='bbox 1621 1903 1829 1945; x_wconf 89' lang='lat' dir='ltr'><strong>dominus</strong></span> 
     </span>
     <span class='ocr_line' id='line_1_22' title="bbox 340 1973 1828 2032; baseline 0.003 -19"><span class='ocrx_word' id='word_1_168' title='bbox 340 1987 415 2013; x_wconf 83' lang='lat' dir='ltr'><strong>rex</strong></span> <span class='ocrx_word' id='word_1_169' title='bbox 442 1973 709 2030; x_wconf 86' lang='lat' dir='ltr'><strong>compellere</strong></span> <span class='ocrx_word' id='word_1_170' title='bbox 734 1973 934 2032; x_wconf 86' lang='lat' dir='ltr'><strong>singulos</strong></span> <span class='ocrx_word' id='word_1_171' title='bbox 957 1990 1059 2016; x_wconf 89' lang='lat' dir='ltr'><strong>suos</strong></span> <span class='ocrx_word' id='word_1_172' title='bbox 1087 1974 1311 2028; x_wconf 83' lang='lat' dir='ltr'><strong>vassallos,</strong></span> <span class='ocrx_word' id='word_1_173' title='bbox 1343 1974 1493 2024; x_wconf 88' lang='lat' dir='ltr'><strong>duces,</strong></span> <span class='ocrx_word' id='word_1_174' title='bbox 1526 1974 1726 2025; x_wconf 85' lang='lat' dir='ltr'><strong>comites,</strong></span> <span class='ocrx_word' id='word_1_175' title='bbox 1752 1976 1828 2017; x_wconf 86' lang='lat' dir='ltr'><strong>ba-</strong></span> 
     </span>
     <span class='ocr_line' id='line_1_23' title="bbox 340 2044 1828 2104; baseline 0.002 -19"><span class='ocrx_word' id='word_1_176' title='bbox 340 2059 486 2097; x_wconf 88' lang='lat' dir='ltr'><strong>rones,</strong></span> <span class='ocrx_word' id='word_1_177' title='bbox 536 2044 814 2094; x_wconf 84' lang='lat' dir='ltr'><strong>castellanos,</strong></span> <span class='ocrx_word' id='word_1_178' title='bbox 869 2045 1048 2095; x_wconf 88' lang='lat' dir='ltr'><strong>milites,</strong></span> <span class='ocrx_word' id='word_1_179' title='bbox 1099 2057 1143 2087; x_wconf 89' lang='lat' dir='ltr'><strong>et</strong></span> <span class='ocrx_word' id='word_1_180' title='bbox 1179 2045 1447 2104; x_wconf 82' lang='lat' dir='ltr'><strong>generaliter</strong></span> <span class='ocrx_word' id='word_1_181' title='bbox 1488 2057 1604 2088; x_wconf 83' lang='lat' dir='ltr'><strong>certa</strong></span> <span class='ocrx_word' id='word_1_182' title='bbox 1646 2046 1828 2088; x_wconf 84' lang='lat' dir='ltr'><strong>servicia</strong></span> 
     </span>
     <span class='ocr_line' id='line_1_24' title="bbox 339 2115 1826 2174; baseline 0.002 -18"><span class='ocrx_word' id='word_1_183' title='bbox 339 2115 569 2165; x_wconf 88' lang='lat' dir='ltr'><strong>debentes,</strong></span> <span class='ocrx_word' id='word_1_184' title='bbox 607 2115 661 2158; x_wconf 87' lang='lat' dir='ltr'><strong>ad</strong></span> <span class='ocrx_word' id='word_1_185' title='bbox 695 2116 972 2158; x_wconf 88' lang='lat' dir='ltr'><strong>reddendum</strong></span> <span class='ocrx_word' id='word_1_186' title='bbox 1004 2128 1047 2158; x_wconf 87' lang='lat' dir='ltr'><strong>et</strong></span> <span class='ocrx_word' id='word_1_187' title='bbox 1082 2117 1331 2159; x_wconf 82' lang='lat' dir='ltr'><strong>faciendum</strong></span> <span class='ocrx_word' id='word_1_188' title='bbox 1361 2117 1617 2174; x_wconf 86' lang='lat' dir='ltr'><strong>hujusmodi</strong></span> <span class='ocrx_word' id='word_1_189' title='bbox 1646 2117 1826 2160; x_wconf 87' lang='lat' dir='ltr'><strong>servicia</strong></span> 
     </span>
     <span class='ocr_line' id='line_1_25' title="bbox 342 2186 1827 2247; baseline 0.002 -19"><span class='ocrx_word' id='word_1_190' title='bbox 342 2186 437 2228; x_wconf 87' lang='lat' dir='ltr'><strong>sine</strong></span> <span class='ocrx_word' id='word_1_191' title='bbox 460 2186 613 2229; x_wconf 84' lang='lat' dir='ltr'><strong>fraude</strong></span> <span class='ocrx_word' id='word_1_192' title='bbox 635 2198 678 2229; x_wconf 89' lang='lat' dir='ltr'><strong>et</strong></span> <span class='ocrx_word' id='word_1_193' title='bbox 699 2187 1011 2238; x_wconf 87' lang='lat' dir='ltr'><strong>diminutione,</strong></span> <span class='ocrx_word' id='word_1_194' title='bbox 1038 2205 1126 2229; x_wconf 89' lang='lat' dir='ltr'><strong>non</strong></span> <span class='ocrx_word' id='word_1_195' title='bbox 1148 2188 1416 2230; x_wconf 86' lang='lat' dir='ltr'><strong>remittendo</strong></span> <span class='ocrx_word' id='word_1_196' title='bbox 1439 2200 1483 2230; x_wconf 88' lang='lat' dir='ltr'><strong>et</strong></span> <span class='ocrx_word' id='word_1_197' title='bbox 1505 2189 1711 2231; x_wconf 81' lang='lat' dir='ltr'><strong>donando</strong></span> <span class='ocrx_word' id='word_1_198' title='bbox 1732 2205 1827 2247; x_wconf 88' lang='lat' dir='ltr'><strong>par-</strong></span> 
     </span>
     <span class='ocr_line' id='line_1_26' title="bbox 340 2258 1826 2320; baseline 0.003 -21"><span class='ocrx_word' id='word_1_199' title='bbox 340 2269 427 2299; x_wconf 88' lang='lat' dir='ltr'><strong>tem</strong></span> <span class='ocrx_word' id='word_1_200' title='bbox 458 2275 627 2308; x_wconf 88' lang='lat' dir='ltr'><strong>eorum,</strong></span> <span class='ocrx_word' id='word_1_201' title='bbox 658 2275 707 2300; x_wconf 87' lang='lat' dir='ltr'><strong>ac</strong></span> <span class='ocrx_word' id='word_1_202' title='bbox 742 2258 918 2318; x_wconf 84' lang='lat' dir='ltr'><strong>exigere</strong></span> <span class='ocrx_word' id='word_1_203' title='bbox 946 2259 1230 2318; x_wconf 82' lang='lat' dir='ltr'><strong>negligendo,</strong></span> <span class='ocrx_word' id='word_1_204' title='bbox 1262 2259 1306 2301; x_wconf 89' lang='lat' dir='ltr'><strong>in</strong></span> <span class='ocrx_word' id='word_1_205' title='bbox 1338 2260 1537 2302; x_wconf 82' lang='lat' dir='ltr'><strong>fraudem</strong></span> <span class='ocrx_word' id='word_1_206' title='bbox 1570 2277 1722 2303; x_wconf 90' lang='lat' dir='ltr'><strong>eorum</strong></span> <span class='ocrx_word' id='word_1_207' title='bbox 1750 2260 1826 2320; x_wconf 89' lang='lat' dir='ltr'><strong>qui</strong></span> 
     </span>
     <span class='ocr_line' id='line_1_27' title="bbox 339 2330 1468 2388; baseline 0.001 -16"><span class='ocrx_word' id='word_1_208' title='bbox 339 2346 417 2388; x_wconf 88' lang='lat' dir='ltr'><strong>per</strong></span> <span class='ocrx_word' id='word_1_209' title='bbox 438 2330 550 2372; x_wconf 84' lang='lat' dir='ltr'><strong>viam</strong></span> <span class='ocrx_word' id='word_1_210' title='bbox 577 2330 867 2380; x_wconf 84' lang='lat' dir='ltr'><strong>retrobannii,</strong></span> <span class='ocrx_word' id='word_1_211' title='bbox 892 2347 981 2373; x_wconf 91' lang='lat' dir='ltr'><strong>non</strong></span> <span class='ocrx_word' id='word_1_212' title='bbox 1004 2330 1125 2381; x_wconf 82' lang='lat' dir='ltr'><strong>alias,</strong></span> <span class='ocrx_word' id='word_1_213' title='bbox 1151 2343 1254 2373; x_wconf 89' lang='lat' dir='ltr'><strong>sunt</strong></span> <span class='ocrx_word' id='word_1_214' title='bbox 1268 2331 1468 2373; x_wconf 86' lang='lat' dir='ltr'><strong>vocandi.</strong></span> 
     </span>
    </p>
   </div>
   <div class='ocr_carea' id='block_1_6' title="bbox 73 2473 1822 2532">
    <p class='ocr_par' dir='ltr' id='par_1_6' title="bbox 73 2473 1822 2532">
     <span class='ocr_line' id='line_1_28' title="bbox 73 2473 1822 2532; baseline 0.004 -23"><span class='ocrx_word' id='word_1_215' title='bbox 73 2483 189 2519; x_wconf 68' lang='lat' dir='ltr'><strong>(tritique</strong></span> <span class='ocrx_word' id='word_1_216' title='bbox 210 2484 257 2510; x_wconf 69' lang='lat' dir='ltr'><strong>dos</strong></span> <span class='ocrx_word' id='word_1_217' title='bbox 277 2494 319 2510; x_wconf 73' lang='lat' dir='ltr'><strong>ae—</strong></span> <span class='ocrx_word' id='word_1_218' title='bbox 402 2473 518 2519; x_wconf 84' lang='grc'>128.</span> <span class='ocrx_word' id='word_1_219' title='bbox 543 2475 700 2517; x_wconf 89' lang='lat' dir='ltr'><strong>Fertur</strong></span> <span class='ocrx_word' id='word_1_220' title='bbox 721 2485 866 2516; x_wconf 84' lang='lat' dir='ltr'><strong>autem</strong></span> <span class='ocrx_word' id='word_1_221' title='bbox 889 2473 1008 2532; x_wconf 88' lang='lat' dir='ltr'><strong>quod</strong></span> <span class='ocrx_word' id='word_1_222' title='bbox 1030 2473 1234 2516; x_wconf 90' lang='lat' dir='ltr'><strong>dominus</strong></span> <span class='ocrx_word' id='word_1_223' title='bbox 1257 2491 1332 2516; x_wconf 86' lang='lat' dir='ltr'><strong>rex</strong></span> <span class='ocrx_word' id='word_1_224' title='bbox 1352 2475 1436 2517; x_wconf 88' lang='lat' dir='ltr'><strong>hoc</strong></span> <span class='ocrx_word' id='word_1_225' title='bbox 1459 2491 1547 2517; x_wconf 92' lang='lat' dir='ltr'><strong>non</strong></span> <span class='ocrx_word' id='word_1_226' title='bbox 1575 2474 1822 2523; x_wconf 85' lang='lat' dir='ltr'><strong>advertens,</strong></span> 
     </span>
    </p>
   </div>
   <div class='ocr_carea' id='block_1_7' title="bbox 118 2519 269 2546">
    <p class='ocr_par' dir='ltr' id='par_1_7' title="bbox 118 2519 269 2546">
     <span class='ocr_line' id='line_1_29' title="bbox 118 2519 269 2546; baseline 0 0"><span class='ocrx_word' id='word_1_227' title='bbox 118 2524 158 2546; x_wconf 83' lang='lat' dir='ltr'><strong>tes</strong></span> <span class='ocrx_word' id='word_1_228' title='bbox 172 2519 207 2546; x_wconf 87' lang='lat' dir='ltr'><strong>du</strong></span> <span class='ocrx_word' id='word_1_229' title='bbox 221 2521 269 2546; x_wconf 85' lang='lat' dir='ltr'><strong>roi.</strong></span> 
     </span>
    </p>
   </div>
   <div class='ocr_carea' id='block_1_8' title="bbox 340 2545 1824 2604">
    <p class='ocr_par' dir='ltr' id='par_1_8' title="bbox 340 2545 1824 2604">
     <span class='ocr_line' id='line_1_30' title="bbox 340 2545 1824 2604; baseline 0 -17"><span class='ocrx_word' id='word_1_230' title='bbox 340 2545 522 2604; x_wconf 88' lang='lat' dir='ltr'><strong>suisque</strong></span> <span class='ocrx_word' id='word_1_231' title='bbox 559 2545 821 2587; x_wconf 80' lang='lat' dir='ltr'><strong>consiliariis</strong></span> <span class='ocrx_word' id='word_1_232' title='bbox 857 2562 901 2587; x_wconf 90' lang='lat' dir='ltr'><strong>se</strong></span> <span class='ocrx_word' id='word_1_233' title='bbox 936 2562 1103 2604; x_wconf 82' lang='lat' dir='ltr'><strong>suaque</strong></span> <span class='ocrx_word' id='word_1_234' title='bbox 1133 2546 1300 2604; x_wconf 81' lang='lat' dir='ltr'><strong>judicia</strong></span> <span class='ocrx_word' id='word_1_235' title='bbox 1329 2545 1650 2597; x_wconf 86' lang='lat' dir='ltr'><strong>committens¹‚</strong></span> <span class='ocrx_word' id='word_1_236' title='bbox 1675 2562 1824 2588; x_wconf 86' lang='lat' dir='ltr'><strong>secum</strong></span> 
     </span>
    </p>
   </div>
   <div class='ocr_carea' id='block_1_9' title="bbox 338 2699 1825 2894">
    <p class='ocr_par' dir='ltr' id='par_1_9' title="bbox 338 2699 1825 2894">
     <span class='ocr_line' id='line_1_31' title="bbox 387 2699 1825 2748; baseline 0.002 -16"><span class='ocrx_word' id='word_1_237' title='bbox 387 2701 419 2733; x_wconf 89' lang='lat'><strong>1.</strong></span> <span class='ocrx_word' id='word_1_238' title='bbox 449 2699 596 2733; x_wconf 90' lang='lat' dir='ltr'><strong>Dubois</strong></span> <span class='ocrx_word' id='word_1_239' title='bbox 618 2701 816 2746; x_wconf 84' lang='lat' dir='ltr'><strong>reproduit</strong></span> <span class='ocrx_word' id='word_1_240' title='bbox 836 2701 1079 2735; x_wconf 82' lang='lat' dir='ltr'><strong>l’accusation</strong></span> <span class='ocrx_word' id='word_1_241' title='bbox 1101 2702 1382 2747; x_wconf 75' lang='lat' dir='ltr'><strong>generalement</strong></span> <span class='ocrx_word' id='word_1_242' title='bbox 1413 2702 1543 2748; x_wconf 86' lang='lat' dir='ltr'><strong>porte&#39;e</strong></span> <span class='ocrx_word' id='word_1_243' title='bbox 1571 2707 1701 2734; x_wconf 86' lang='lat' dir='ltr'><strong>contre</strong></span> <span class='ocrx_word' id='word_1_244' title='bbox 1735 2701 1825 2735; x_wconf 83' lang='lat' dir='ltr'><strong>Phi-</strong></span> 
     </span>
     <span class='ocr_line' id='line_1_32' title="bbox 338 2746 1825 2792; baseline 0.001 -12"><span class='ocrx_word' id='word_1_245' title='bbox 338 2746 439 2792; x_wconf 85' lang='lat' dir='ltr'><strong>lippe</strong></span> <span class='ocrx_word' id='word_1_246' title='bbox 461 2748 494 2781; x_wconf 85' lang='lat' dir='ltr'><strong>le</strong></span> <span class='ocrx_word' id='word_1_247' title='bbox 515 2748 582 2781; x_wconf 89' lang='lat' dir='ltr'><strong>Bel</strong></span> <span class='ocrx_word' id='word_1_248' title='bbox 612 2750 656 2781; x_wconf 85' lang='lat' dir='ltr'><strong>de</strong></span> <span class='ocrx_word' id='word_1_249' title='bbox 686 2749 811 2782; x_wconf 81' lang='lat' dir='ltr'><strong>suivre</strong></span> <span class='ocrx_word' id='word_1_250' title='bbox 842 2761 929 2783; x_wconf 87' lang='lat' dir='ltr'><strong>avec</strong></span> <span class='ocrx_word' id='word_1_251' title='bbox 961 2762 1032 2783; x_wconf 89' lang='lat' dir='ltr'><strong>une</strong></span> <span class='ocrx_word' id='word_1_252' title='bbox 1067 2750 1219 2783; x_wconf 77' lang='lat' dir='ltr'><strong>docilite</strong></span> <span class='ocrx_word' id='word_1_253' title='bbox 1255 2750 1445 2784; x_wconf 85' lang='lat' dir='ltr'><strong>excessive</strong></span> <span class='ocrx_word' id='word_1_254' title='bbox 1479 2750 1533 2782; x_wconf 86' lang='lat' dir='ltr'><strong>les</strong></span> <span class='ocrx_word' id='word_1_255' title='bbox 1567 2749 1646 2782; x_wconf 87' lang='lat' dir='ltr'><strong>avis</strong></span> <span class='ocrx_word' id='word_1_256' title='bbox 1682 2749 1726 2782; x_wconf 88' lang='lat' dir='ltr'><strong>de</strong></span> <span class='ocrx_word' id='word_1_257' title='bbox 1765 2761 1825 2782; x_wconf 88' lang='lat' dir='ltr'><strong>ses</strong></span> 
     </span>
     <span class='ocr_line' id='line_1_33' title="bbox 339 2796 1824 2847; baseline 0.002 -20"><span class='ocrx_word' id='word_1_258' title='bbox 339 2796 587 2836; x_wconf 81' lang='lat' dir='ltr'><strong>conseillers;</strong></span> <span class='ocrx_word' id='word_1_259' title='bbox 610 2796 636 2829; x_wconf 88' lang='lat' dir='ltr'><strong>il</strong></span> <span class='ocrx_word' id='word_1_260' title='bbox 658 2796 786 2830; x_wconf 77' lang='lat' dir='ltr'><strong>n’etait</strong></span> <span class='ocrx_word' id='word_1_261' title='bbox 807 2797 903 2830; x_wconf 89' lang='lat' dir='ltr'><strong>donc</strong></span> <span class='ocrx_word' id='word_1_262' title='bbox 930 2797 1037 2842; x_wconf 87' lang='lat' dir='ltr'><strong>point</strong></span> <span class='ocrx_word' id='word_1_263' title='bbox 1066 2810 1112 2831; x_wconf 86' lang='lat' dir='ltr'><strong>au</strong></span> <span class='ocrx_word' id='word_1_264' title='bbox 1145 2797 1302 2833; x_wconf 86' lang='lat' dir='ltr'><strong>nombre</strong></span> <span class='ocrx_word' id='word_1_265' title='bbox 1336 2798 1380 2835; x_wconf 82' lang='lat' dir='ltr'><strong>de</strong></span> <span class='ocrx_word' id='word_1_266' title='bbox 1411 2809 1472 2834; x_wconf 88' lang='lat' dir='ltr'><strong>ces</strong></span> <span class='ocrx_word' id='word_1_267' title='bbox 1503 2796 1726 2832; x_wconf 83' lang='lat' dir='ltr'><strong>conseillers</strong></span> <span class='ocrx_word' id='word_1_268' title='bbox 1761 2797 1824 2847; x_wconf 87' lang='lat' dir='ltr'><strong>qui</strong></span> 
     </span>
     <span class='ocr_line' id='line_1_34' title="bbox 338 2843 889 2894; baseline 0.004 -19"><span class='ocrx_word' id='word_1_269' title='bbox 338 2843 484 2880; x_wconf 72' lang='lat' dir='ltr'><strong>avaient</strong></span> <span class='ocrx_word' id='word_1_270' title='bbox 502 2843 660 2877; x_wconf 75' lang='lat' dir='ltr'><strong>l&#39;oreille</strong></span> <span class='ocrx_word' id='word_1_271' title='bbox 682 2845 731 2877; x_wconf 94' lang='lat' dir='ltr'><strong>du</strong></span> <span class='ocrx_word' id='word_1_272' title='bbox 746 2843 889 2894; x_wconf 75' lang='lat' dir='ltr'><strong>prince,</strong></span> 
     </span>
    </p>
   </div>
  </div>
 </body>
</html>
