1942 3242
51 1843 151 1869 netem·
167 1850 212 1868 sur
224 1840 297 1868 l'ins-

86 1877 200 1905 truction
251 1877 299 1905 deu

83 1915 178 1949 jeunes
197 1913 273 1941 filles.

54 2342 205 2369 Inferiorite
253 2341 300 2369 des

115 2378 237 2405 femmes.

315 236 354 270 70
861 239 1040 271 PIERRE
1071 239 1262 272 DUBOIS.

316 343 410 370 cem
444 327 650 370 tolerant.
690 327 763 371 Sic
808 329 1005 371 Salvator
1027 329 1221 372 omnium
1255 329 1495 373 animarum
1534 331 1804 373 voluntatem

316 415 436 442 suam
464 399 680 458 expressit
707 400 844 459 magis
870 400 916 442 in
936 401 1005 442 his
1024 401 1113 443 suis
1136 401 1260 444 factis
1288 417 1417 460 quarn
1444 402 1606 453 verbis,
1637 402 1699 444 sic
1726 418 1805 444 nos

314 471 460 513 verbis
487 479 530 513 et
545 471 670 514 factis
687 471 867 522 docens,
889 480 934 514 ut
952 472 1130 515 accedat
1152 473 1270 531 quod
1291 473 1350 516 ait
1361 473 1601 532 Apostolus
1622 491 1630 516 :
1655 473 1806 517 Omnis

317 543 482 586 Christi
496 546 612 585 actio
628 552 779 585 nostra
798 543 921 585 debet
937 559 1029 586 esse
1050 547 1304 598 instructio,·
1333 553 1375 586 et
1402 553 1585 603 propter
1606 545 1806 587 doctrine

316 614 560 658 misterium
589 613 800 673 scripturn
822 623 912 657 est:
949 615 1071 673 Cepit
1090 616 1250 658 Jkesus
1272 618 1425 676 facere
1458 626 1500 660 et
1526 617 1693 659 docere.
1733 618 1807 660 Sic

315 686 360 729 in
375 686 472 745 lege
495 686 611 728 civili
633 694 806 728 cautum
825 695 891 728 est
910 704 918 728 :
947 688 1049 731 Non
1070 690 1205 747 refert
1218 698 1360 731 utrum
1377 689 1570 746 populus
1597 704 1807 732 romanus

318 758 580 802 voluntatem
602 775 729 800 suam
753 765 974 816 exprimat
1001 760 1154 813 verbis,
1179 761 1246 803 vel
1263 760 1392 802 rebus
1414 763 1520 818 ipsis
1536 770 1576 802 et
1590 761 1743 818 sactis.

377 829 450 872 Sic
471 845 577 889 ergo
604 830 881 872 instruentur
921 830 1111 873 scolares
1149 831 1415 890 provisionis
1443 832 1488 874 in
1516 831 1712 874 artificiis
1740 831 1805 874 di-

314 901 467 952 versis,
499 901 829 944 conferentibus
863 902 917 944 ad
943 903 1323 961 recuperationem
1352 911 1395 945 et
1429 903 1807 946 conservationem

315 981 358 1016 et
384 973 497 1015 bene
519 989 615 1015 esse
641 973 938 1016 habitatorum
966 976 1101 1017 Terre
1131 976 1306 1025 Sancte,
1332 983 1462 1033 prout
1485 977 1607 1033 juxta
1628 990 1806 1017 necces-

315 1044 466 1088 sitates
486 1045 729 1086 eminentes
750 1045 999 1103 provisores
1018 1046 1209 1088 viderint
1240 1046 1462 1104 expedire.
1499 1047 1572 1090 Sic
1594 1046 1648 1089 de
1675 1046 1806 1106 longe

314 1116 538 1174 provideri
564 1124 608 1158 et
624 1117 854 1174 procurari
877 1125 1087 1175 poterunt
1113 1133 1193 1176 per
1220 1133 1336 1160 mare
1359 1108 1428 1160 res
1450 1118 1634 1159 multum
1657 1118 1807 1160 confe-

315 1195 461 1229 rentes
494 1187 549 1229 ad
583 1195 745 1230 terram
772 1188 890 1230 illam
922 1205 1006 1247 que
1035 1189 1106 1231 vix
1145 1197 1217 1231 aut
1243 1205 1434 1247 unquam
1462 1199 1644 1247 possent
1677 1189 1722 1231 in
1759 1205 1807 1232 ea

314 1259 516 1318 reperiri.
550 1260 723 1301 Dicitur
751 1261 1041 1302 communiter
1067 1260 1185 1319 quod
1216 1276 1343 1303 omne
1371 1277 1516 1303 rarum
1557 1261 1807 1319 preciosum

314 1339 494 1389 putatur
518 1349 527 1383 ;
563 1338 606 1373 et
639 1347 790 1373 omnes
818 1347 888 1373 res
910 1331 1076 1374 homini
1111 1341 1198 1374 tam
1225 1331 1509 1375 neccessarie¹
1528 1349 1657 1391 quam
1677 1333 1808 1375 utiles

316 1402 369 1444 ad
396 1402 628 1444 vivendum
650 1411 692 1444 et
713 1403 825 1444 bene
851 1403 1084 1446 vivendum
1106 1404 1151 1445 in
1173 1403 1393 1462 aliquibus
1415 1404 1523 1446 locis
1550 1404 1810 1446 habundant

316 1474 499 1516 multum
521 1482 564 1516 et
590 1474 635 1515 in
657 1474 753 1516 aliis
776 1474 1014 1527 deficiunt3
1046 1491 1130 1533 que
1150 1476 1211 1517 sic
1246 1475 1464 1533 disposuit
1497 1477 1616 1518 Deus
1643 1476 1808 1535 glorio-

317 1561 390 1587 sus
421 1554 464 1587 et
491 1545 690 1587 sublimis
726 1546 801 1603 qui
842 1545 946 1588 fecit
978 1547 1060 1588 hec
1089 1547 1233 1588 omnia
1261 1555 1444 1605 propter
1475 1547 1726 1599 hominem3
1763 1555 1810 1589 ut

318 1617 597 1659 obstantibus
638 1616 884 1660 defectibus
918 1634 1006 1660 non
1034 1626 1168 1676 ponat
1207 1618 1338 1660 homo
1367 1618 1497 1661 finem
1539 1627 1581 1661 et
1633 1618 1808 1662 deside-

318 1687 430 1730 rium
453 1704 578 1731 suum
607 1704 780 1747 semper
806 1689 878 1732 hic
900 1689 1085 1732 inferius
1106 1689 1352 1732 habitandi.

379 1835 493 1885 [Lm]
527 1831 611 1877 85.
657 1831 831 1875 Puellas
870 1848 972 1874 vero
1013 1832 1277 1891 provisionis
1317 1848 1468 1874 omnes
1501 1833 1719 1891 expediet,
1763 1841 1811 1875 ut

319 1919 476 1953 mares,
500 1903 544 1945 in
573 1904 811 1963 gramatica
838 1904 973 1946 latina
995 1905 1170 1954 instrui,
1194 1904 1562 1963 postmodumque
1584 1905 1627 1946 in
1644 1905 1810 1963 logica-

319 1974 450 2025 libus,
482 1983 525 2016 et
547 1975 631 2016 alio
658 1975 877 2033 ydiomate
905 1991 1020 2027 uno;
1050 1975 1331 2033 postmodum
1364 1976 1407 2018 in
1429 1976 1661 2034 principiis
1684 1984 1810 2018 natu-

320 2046 501 2096 ralibus,
526 2046 679 2088 ultimo
702 2047 746 2088 in
769 2047 969 2105 cerurgia
996 2055 1038 2088 et
1051 2047 1292 2099 medicina3
1318 2047 1435 2105 quod
1457 2047 1674 2106 intelligo,
1699 2047 1812 2089 ultra

319 2117 601 2176 gramaticam
628 2125 670 2160 et
698 2118 959 2177 cerurgiam,
998 2118 1051 2160 de
1085 2119 1172 2160 illis
1211 2135 1295 2176 que
1329 2135 1407 2176 pre
1436 2119 1531 2161 aliis
1565 2119 1731 2161 dociles
1770 2127 1813 2160 et

321 2188 534 2246 disposite
556 2189 610 2231 ad
631 2190 711 2231 hec
733 2190 1011 2247 reperientur
1030 2208 1038 2242 ;
1064 2206 1148 2248 que
1171 2190 1299 2232 etiam
1321 2190 1365 2232 in
1394 2190 1532 2232 solum
1552 2189 1812 2232 conferenti-

321 2260 402 2301 bus
442 2259 496 2302 ad
538 2260 799 2302 medicinam
839 2269 882 2302 et
927 2261 1171 2320 cerurgiam
1223 2261 1498 2303 instruentur
1540 2262 1585 2303 in
1619 2261 1815 2320 qualibet

322 2332 526 2382 sciencia,
562 2332 691 2374 modo
713 2348 799 2390 quo
827 2332 921 2374 fieri
947 2333 1110 2390 poterit
1141 2333 1424 2383 sensibiliori,
1456 2333 1646 2392 planiori
1672 2341 1715 2374 et
1751 2332 1813 2374 fa-

323 2403 481 2453 ciliori,
512 2412 695 2462 propter
714 2419 842 2446 sexus
868 2403 1173 2462 fragilitatem3
1210 2412 1252 2446 et
1280 2405 1381 2462 quia
1408 2405 1537 2447 citius
1560 2405 1814 2447 discurrunt

322 2491 401 2532 per
423 2490 520 2516 suas
537 2482 673 2517 etates
696 2491 825 2533 quam
838 2491 995 2525 mareS‚
1010 2475 1138 2517 citius
1151 2476 1414 2533 perveniunt
1428 2476 1481 2518 ad
1497 2475 1813 2534 perfectionem

323 2546 385 2587 eis
412 2546 685 2603 possibilem,
714 2546 832 2604 quod
853 2554 919 2588 est
944 2547 1117 2605 signum
1142 2547 1382 2589 debilitatis
1410 2547 1583 2589 virtutis
1603 2546 1813 2588 naturalis

323 2632 485 2659 earum.
508 2617 659 2659 Simile
687 2617 899 2667 videmus,
919 2626 965 2659 ut
993 2618 1100 2659 dicit
1119 2618 1431 2677 Philosophus,
1456 2618 1509 2660 de
1525 2618 1607 2660 hoc
1629 2617 1814 2675 loquens

324 2688 367 2730 in
396 2688 509 2730 libro
544 2687 597 2730 de
624 2688 915 2739 Animalibus,
954 2689 996 2731 in
1028 2690 1260 2732 arboribus
1289 2698 1332 2733 et
1371 2690 1466 2732 aliis
1502 2689 1680 2748 plantis,
1720 2690 1815 2746 (ἤιε

371 2845 403 2878 1.
432 2842 606 2891 Bongars
628 2855 634 2876 :
658 2843 793 2878 nocive.
