1942 3242
55 1987 90 2005 ou
116 1987 166 2005 aux
187 1979 302 2014 republi-

91 2015 302 2049 qnesitaliennes

92 2050 136 2085 qui
176 2056 222 2077 ont
255 2051 302 2077 fait

88 2085 211 2121 jusqn’ici
247 2091 303 2113 tant

91 2121 123 2147 de
152 2122 204 2148 mal
232 2125 247 2148 a
277 2123 301 2149 la

91 2166 171 2183 cause
205 2157 237 2183 dc
278 2158 303 2185 lu

91 2194 173 2219 Terre
185 2194 282 2220 Sninte.

323 238 362 269 10
870 238 1051 270 PlERRE
1080 239 1274 272 DUBOIS.

323 327 385 369 sic
423 327 711 386 puniendum,
747 335 790 369 et
822 327 867 369 in
904 328 1083 370 Terram
1126 329 1329 370 Sanctam
1365 330 1627 372 mittendum
1665 331 1812 374 taliter

322 415 503 458 guerras
538 407 778 452 moventes,
819 415 872 440 ex
907 414 1023 441 nunc
1055 400 1099 441 in
1139 400 1327 442 concilio
1361 401 1490 458 plena
1529 401 1810 461 indulgencia

324 470 606 521 concedatur,
637 487 721 528 que
742 486 821 528 per
843 470 1040 529 singulos
1062 487 1340 513 successores
1360 473 1624 514 sanctissimi
1645 473 1811 515 romani

323 541 544 600 pontificis
573 541 871 584 confirmetur.
904 543 1130 584 Statuatur
1158 542 1285 584 etiam
1312 543 1431 601 quod
1458 543 1522 585 illi
1545 543 1619 602 qui
1647 544 1703 585 ob
1730 544 1812 586 hu-

318 613 512 671 jusmodi
532 629 689 671 penam
702 613 745 654 in
763 614 941 655 Terram
956 614 1158 655 Sanctam
1175 614 1419 664 mittentur,
1436 614 1624 672 primum
1641 631 1812 673 semper

324 684 483 726 faciant
521 684 685 726 bellum
722 693 873 726 contra
894 684 1044 726 hostes
1066 685 1111 726 in
1142 685 1332 727 confinio
1360 685 1592 736 hostium1,
1620 694 1667 728 ut
1701 686 1813 728 sicut

323 771 472 797 murus
507 755 777 797 defensionis
818 755 1001 797 aliorum
1041 765 1282 806 morentur,
1325 765 1372 798 ut
1409 757 1572 799 bellum
1612 757 1811 799 illicitum

323 826 583 877 voluntarie,
615 826 826 868 suadente
866 827 1081 886 Dyabolo,
1125 827 1456 885 amplectentes,
1490 829 1613 870 inviti
1647 827 1812 870 bellare

323 914 402 956 pre
430 895 587 940 ceteris
624 898 960 955 compellantur,
1004 899 1059 939 ob
1099 899 1405 956 perimendum
1445 900 1811 941 simulachrorum

324 969 530 1020 cultores,
559 969 681 1027 pacis
704 969 920 1019 inimicos,
947 970 1035 1011 suis
1065 969 1307 1012 fautoribus
1328 970 1475 1012 taliter
1503 970 1735 1012 obviando.

383 1112 431 1157 8.
467 1113 588 1154 Hanc
625 1120 769 1154 autem
801 1128 958 1170 penam
992 1111 1116 1154 famis
1149 1121 1192 1154 et
1224 1113 1344 1154 exilii
1379 1113 1599 1170 perpetui,
1641 1120 1811 1154 tantum

323 1199 402 1241 per
434 1183 517 1225 Dei
555 1184 746 1242 graciam
782 1183 1019 1225 verisimile
1058 1192 1124 1226 est
1161 1184 1322 1234 timeri,
1358 1184 1673 1243 instigantibus
1709 1199 1811 1226 uxo-

323 1255 462 1305 ribus,
492 1255 684 1313 parvulis
704 1255 872 1305 liberis,
904 1270 952 1296 ac
974 1255 1153 1297 senibus
1181 1255 1381 1313 patribus
1409 1264 1451 1297 et
1480 1255 1584 1305 avis,
1615 1271 1696 1297 nec
1724 1270 1812 1296 non

323 1326 543 1385 religiosis
571 1326 754 1384 prelatis
782 1334 825 1368 et
852 1326 948 1368 aliis
976 1326 1164 1376 clericis,
1196 1335 1347 1368 contra
1375 1327 1595 1385 capitosos
1623 1334 1666 1368 et
1692 1326 1813 1368 inor-

324 1397 497 1440 dinatos
530 1413 787 1455 guerrarum
818 1406 1026 1447 motoreS,
1057 1397 1201 1439 calore
1225 1399 1469 1455 juventutis
1497 1407 1638 1440 motos
1666 1406 1709 1439 et
1736 1397 1813 1439 de-

323 1477 490 1526 ceptos,
526 1468 645 1527 quod
675 1468 926 1527 hujusmodi
963 1484 1076 1526 pene
1111 1468 1196 1511 fine
1229 1478 1463 1527 perspecto
1498 1485 1586 1511 non
1622 1469 1705 1511 erit
1739 1469 1813 1527 qui

322 1556 525 1599 guerram
546 1556 720 1582 movere
741 1548 979 1598 presumat.

382 1687 460 1737 [vl]
495 1683 542 1728 9.
584 1682 631 1724 Si
657 1698 759 1724 vero
787 1699 870 1741 pax
907 1683 963 1724 sit
997 1683 1112 1724 inter
1146 1698 1296 1724 omnes
1331 1682 1587 1731 catholicos,
1617 1691 1722 1724 tunc
1759 1682 1812 1723 de

323 1755 440 1797 sacili
466 1753 737 1796 confluentes
758 1762 1027 1813 pugnatores
1049 1770 1101 1796 ex
1121 1754 1240 1795 omni
1266 1762 1390 1811 parte
1417 1754 1462 1795 in
1485 1755 1663 1796 Terram
1681 1755 1811 1796 Sanc-

322 1835 424 1877 tam,
449 1842 542 1868 eam
565 1841 827 1884 recuperare
848 1834 1057 1883 poterunt
1078 1825 1374 1867 verisimiliter
1396 1833 1438 1867 et
1465 1841 1652 1867 servare.

387 1969 466 2014 10.
497 1969 637 2027 Igitur
666 1969 913 2018 Januensis,
938 1968 1207 2012 Venecensis
1233 1976 1276 2009 et
1297 1970 1465 2026 Pysana
1491 1967 1705 2018 civitates,
1728 1983 1812 2026 que

323 2049 504 2099 propter
527 2056 625 2082 suas
646 2039 889 2081 discordias
902 2048 945 2081 et
963 2055 1144 2098 guerras
1160 2039 1397 2081 maritimas
1415 2039 1580 2089 solitas,
1600 2039 1813 2082 hactenus

325 2128 411 2154 non
432 2111 623 2169 punitaS‚
640 2113 775 2154 Terre
800 2112 959 2153 Sancte
975 2111 1356 2168 recuperationem
1373 2119 1415 2152 et
1435 2110 1813 2152 conservationem

325 2182 538 2240 impedire
560 2190 897 2231 consueverunt,
929 2182 1059 2223 immo
1088 2182 1284 2223 civitates
1313 2181 1590 2232 Lombardie,
1622 2181 1812 2235 Tu[s]cie

325 2262 366 2295 ct
387 2254 470 2295 alie
499 2254 740 2311 provincie,
775 2269 926 2311 pacem
956 2253 1071 2295 inter
1106 2269 1151 2294 se
1179 2253 1346 2294 firmam
1373 2253 1616 2303 habebunt,
1654 2253 1690 2295 si
1723 2260 1811 2294 sta-

324 2333 470 2367 tuatur
492 2324 611 2383 quod
632 2325 693 2366 sic
714 2324 979 2382 procedatur
1003 2332 1045 2365 et
1066 2324 1247 2382 procedi
1270 2324 1410 2382 possit
1431 2340 1509 2382 per
1526 2339 1811 2382 quoscunque

323 2396 545 2454 proximos
566 2412 714 2437 earum
736 2404 887 2437 contra
915 2395 1046 2453 ipsas.

387 2539 466 2584 11.
498 2540 620 2588 Item,
656 2547 698 2580 et
728 2539 846 2596 quod
886 2547 1038 2580 contra
1075 2555 1223 2581 earum
1264 2539 1551 2581 rebellionem
1587 2538 1811 2596 principes

324 2611 499 2652 obviare
527 2618 569 2651 et
591 2626 662 2651 eas
689 2610 846 2667 punire
870 2610 1082 2659 volentes,
1108 2611 1295 2668 quilibet
1323 2611 1367 2652 in
1388 2610 1518 2652 terris
1546 2609 1635 2650 suis
1663 2624 1811 2650 earum

326 2681 438 2723 bona
460 2690 501 2723 et
524 2681 670 2722 debita
698 2697 912 2739 occupare
936 2682 1107 2739 sibique
1138 2682 1328 2724 retinere
1349 2678 1488 2740 possit
1510 2699 1520 2732 3
1550 2680 1607 2722 ita
1630 2679 1748 2739 quod
1776 2680 1811 2722 si

373 2838 405 2872 1.
435 2835 493 2870 Cf.
517 2836 735 2869 ci-dessous
757 2837 773 2879 ἓ
794 2838 835 2870 21
859 2842 894 2869 et
916 2838 995 2872 108.
