1942 3242
430 193 489 225 DE
519 192 947 225 RECUPERATIONE
973 192 1136 224 TERRE
1169 192 1370 224 SANCTE.
1609 189 1647 222 57

154 297 322 333 omnes,
369 282 594 342 scribique
638 298 726 325 non
768 290 967 341 possent,
1015 281 1071 324 ad
1114 282 1254 324 instar
1290 282 1384 339 ejus
1434 279 1554 339 quod
1589 280 1649 322 ait

153 353 476 412 Philosophus:
499 353 731 413 Augentur
762 364 908 397 autem
940 355 1141 397 demones
1170 369 1256 396 non
1268 369 1354 411 per
1383 352 1541 405 media,
1573 352 1651 394 sed

155 427 200 466 in
221 435 322 483 post
347 426 607 469 assumendo
628 436 671 469 et
690 429 734 468 in
761 426 895 468 latus.

213 567 298 613 69.
333 569 466 611 Forte
504 566 745 625 majoribus
765 567 998 609 Saracenis
1040 566 1201 625 quibus
1244 566 1318 608 alii
1359 566 1643 624 injuriantur,

153 654 336 699 guerras
363 646 553 689 movent,
585 637 788 680 auferunt
822 646 963 681 terras
1009 654 1125 689 suas,
1181 638 1263 680 alia
1296 638 1414 680 bona
1449 637 1643 696 rapiunt,

153 718 362 770 poterunt
382 710 477 752 dari
498 725 655 752 uxores
675 710 817 768 perite
843 709 1109 768 provisionis
1142 710 1286 761 istius,
1311 709 1427 752 salva
1461 709 1547 751 fide
1580 724 1645 750 ea·

154 798 266 833 rum,
294 790 343 824 ut
367 797 456 824 non
477 782 803 824 communicent
836 797 934 823 cum
962 797 1113 824 eorum
1151 781 1397 841 ydolatria3
1429 797 1510 840 per
1537 796 1645 839 quas

154 869 252 896 cum
279 853 439 896 auxilio
460 853 543 895 Dei
570 861 613 895 et
634 852 952 913 discipulorum
979 853 1318 911 predicantium,
1359 862 1402 895 et
1429 861 1477 895 ut
1503 852 1646 894 subsi-

153 924 272 967 dium
298 925 490 967 habeant
527 940 549 966 a
589 925 834 975 catholicis,
872 925 972 983 quia
1005 924 1059 966 de
1079 925 1310 968 Saracenis
1339 941 1426 966 non
1460 931 1647 982 possunt

152 995 390 1046 confidere,
414 1003 624 1054 poterunt
650 995 704 1038 ad
734 996 865 1038 fidem
887 996 1147 1038 catholicam
1175 996 1326 1038 induci
1359 1005 1402 1038 et
1428 995 1643 1054 perduci3

152 1067 450 1126 paulatimque
465 1067 629 1126 poterit
656 1067 773 1125 apud
803 1068 923 1126 ipsos
952 1075 1104 1110 nostra
1121 1067 1230 1110 fides
1258 1067 1504 1126 publicari3
1527 1066 1647 1125 quod

151 1138 388 1197 plurimum
409 1147 669 1197 appeterent
696 1155 847 1181 eorum
874 1155 1048 1190 uxores,
1079 1155 1131 1181 eo
1164 1139 1284 1198 quod
1311 1139 1499 1197 quilibet
1525 1139 1646 1197 ipso-

150 1225 246 1252 rum
267 1210 429 1252 multas
451 1210 586 1252 habet
608 1228 617 1263 ;
640 1211 772 1253 vitam
798 1211 915 1252 enim
943 1210 1110 1253 ducunt
1138 1227 1289 1253 omnes
1313 1211 1470 1253 divites
1497 1218 1540 1252 et
1564 1226 1646 1268 po-

149 1288 295 1323 tentes
322 1281 438 1323 intra
460 1283 581 1340 ipsos
602 1281 886 1333 luxuriosam,
911 1282 956 1324 in
982 1282 1277 1341 prejudicium
1307 1298 1506 1332 uxorum,
1538 1297 1646 1339 qua-

150 1367 247 1410 rum
280 1352 477 1410 quelibet
511 1353 643 1396 vellet
674 1353 838 1396 habere
878 1353 1020 1396 solum
1054 1354 1192 1413 magis
1232 1355 1327 1412 (nec
1366 1362 1433 1396 est
1472 1353 1645 1412 mirum)

151 1439 280 1482 quam
296 1424 415 1482 quod
437 1433 605 1483 septem
624 1424 691 1467 vel
703 1425 853 1483 plures
869 1441 1027 1467 uxores
1049 1441 1139 1467 non
1160 1426 1375 1468 haberent
1390 1425 1475 1467 nisi
1492 1441 1640 1467 unum.

152 1494 322 1537 Idcirco
362 1496 630 1555 generaliter
667 1505 798 1555 prout
844 1513 867 1539 a
906 1498 1224 1539 mercatoribus
1259 1497 1335 1555 qui
1363 1497 1646 1555 frequentant

149 1581 301 1608 eorum
327 1574 467 1609 terras
495 1567 640 1610 audivi
662 1567 780 1626 quod
807 1568 1012 1610 mulieres
1032 1569 1150 1611 illius
1166 1577 1284 1611 secte
1311 1569 1365 1610 de
1393 1568 1511 1611 facili
1532 1567 1644 1610 mul-

147 1645 241 1680 tum
268 1647 548 1681 moverentur
576 1639 631 1682 ad
657 1645 867 1691 nostram,
898 1649 946 1682 ut
973 1640 1160 1699 quilibet
1174 1642 1241 1683 vir
1260 1641 1444 1683 haberet
1463 1656 1644 1682 uxorem

150 1724 280 1752 unam
301 1718 487 1752 tantum.

208 1857 347 1908 [XLIV]
392 1852 475 1899 70.
515 1856 600 1898 Per
638 1870 792 1913 pacem
836 1855 953 1897 enim
999 1864 1042 1897 et
1080 1855 1362 1898 concordiam
1391 1854 1642 1914 generalem

149 1924 343 1966 omnium
377 1925 693 1968 catholicorum
738 1926 924 1968 ecclesie
970 1942 1148 1968 romane
1192 1927 1456 1985 parentium,
1512 1925 1642 1968 modo

148 1996 397 2054 prescripto
424 1996 652 2048 firmatam,
677 2013 758 2040 nec
784 2014 872 2040 non
905 2014 985 2057 per
1005 2014 1263 2057 guerrarum
1291 2006 1334 2040 et
1359 1998 1502 2040 litium
1528 1997 1643 2039 infra

149 2066 427 2109 scribendam
462 2068 843 2120 abreviationem¹‚
879 2078 1099 2128 tamquam
1131 2086 1210 2129 per
1238 2086 1390 2113 causas
1417 2069 1640 2111 ordinatas

149 2146 306 2196 agente
327 2155 473 2181 rerum
501 2140 694 2182 omnium
723 2141 968 2192 conditore,
1001 2142 1200 2200 sequitur
1236 2141 1476 2184 catholicos
1510 2140 1642 2199 longe

147 2208 246 2267 plus
263 2226 391 2268 quam
412 2211 624 2253 hactenus
647 2212 824 2256 fuerunt
848 2213 1018 2255 futuros
1034 2230 1129 2255 esse
1145 2214 1379 2264 virtuosos,
1404 2213 1637 2261 litteratos,

148 2279 406 2339 locupletes,
437 2282 729 2341 longevioreS‚
761 2284 815 2326 ad
846 2285 1171 2344 subjugandum
1204 2285 1413 2327 barbaras
1438 2284 1638 2326 nationes

149 2352 424 2410 potentiores
444 2371 453 2405 ;
480 2354 554 2412 qui
577 2370 700 2397 acum
728 2355 844 2398 inter
865 2372 910 2398 se
931 2372 1113 2415 guerras
1140 2372 1226 2398 non
1249 2357 1466 2398 haberent
1493 2371 1573 2397 nec
1596 2371 1642 2396 se

147 2423 354 2466 timerent
374 2424 619 2476 habituros,
650 2435 831 2484 propter
853 2427 1191 2470 immensitatem
1210 2443 1422 2486 penarum
1438 2427 1641 2469 amitten-

149 2493 193 2536 di
213 2503 352 2538 terras
386 2496 581 2538 natales²
608 2513 706 2540 cum
728 2499 872 2549 bonis,
904 2499 1070 2541 idcirco
1097 2499 1333 2541 verisimile
1358 2506 1424 2540 est
1447 2497 1566 2556 quod
1595 2514 1640 2539 se

145 2565 332 2608 invicem
358 2566 594 2626 diligentes
621 2569 845 2627 principes
867 2570 1087 2622 catholici,
1113 2570 1243 2613 simul
1266 2569 1542 2612 confluerent
1563 2585 1639 2611 scu

197 2734 231 2767 1.
260 2733 317 2768 Cf.
341 2735 558 2769 ci-dessous
581 2737 598 2780 ἓ
619 2737 660 2770 91
686 2741 721 2769 οἱ
744 2736 836 2771 suiv.

198 2793 229 2827 2.
261 2792 460 2841 Bongars:
485 2794 644 2830 vacales.

1669 578 1772 603 netour
1808 585 1854 603 sur
1891 575 1916 603 le

1702 612 1758 639 role
1778 611 1826 639 des
1848 612 1915 638 fem-

1702 657 1786 684 mes3
1829 649 1916 690 projet

1702 684 1823 711 d’unions
1847 693 1915 711 mxx-

1701 726 1741 748 tes
1773 729 1840 747 avec
1873 720 1913 747 les

1702 755 1851 784 San-anius.

1663 1867 1752 1894 Fruits
1768 1867 1910 1903 probables

1698 1906 1714 1930 a
1732 1906 1843 1938 caperer
1861 1903 1909 1930 des

1698 1948 1819 1966 mesni-es
1871 1948 1907 1966 ei-

1697 1975 1792 2002 dessus
1807 1978 1907 2011 sugge-

1697 2014 1769 2044 recu,
