1942 3242
728 211 1098 244 INTRODUCTION
1606 213 1663 245 VII

230 309 269 354 Il
292 309 406 353 etait
424 307 796 369 probablement
817 306 1082 367 originaire
1105 306 1192 350 des
1210 306 1440 351 environs
1457 306 1517 350 de
1534 308 1662 352 Cou-

172 396 353 440 tances,
397 401 457 430 en
503 384 814 430 Normandie.
858 383 896 428 Il
938 383 1100 428 etudia
1146 399 1206 428 θη
1247 383 1561 428 l'Universite
1601 384 1660 428 de

173 464 308 508 Paris
347 463 408 507 on
445 462 478 507 il
519 461 739 507 entendit
771 460 980 505 Thomas
1016 459 1227 520 d'Aquin
1264 463 1404 519 (mort
1437 476 1497 504 en
1531 463 1660 521 1274)

171 556 447 601 prononcer
469 556 534 584 un
557 538 776 584 sermon¹
802 547 848 582 et
877 538 1018 598 Siger
1040 538 1100 581 de
1129 537 1338 582 Brabant
1363 547 1661 582 commentor

168 618 212 662 la
223 618 444 677 Polz'tique
460 616 762 660 d'Aristote2.
780 618 838 658 La
857 615 964 659 date
988 615 1046 658 de
1065 630 1114 658 sa
1128 616 1383 659 naissance
1403 624 1520 675 peut
1535 616 1659 660 donc

169 700 270 740 etre
285 695 452 755 placee
469 710 554 754 par
570 694 849 752 conjecture
870 701 1006 736 entre
1031 693 1142 735 1250
1164 701 1210 736 et
1234 694 1362 736 1260.
1389 693 1484 737 Son
1508 694 1661 753 esprit

167 773 282 818 etait
303 772 411 831 deja
427 773 535 815 mur
551 786 610 814 en
635 772 764 824 1285,
782 785 861 813 car
876 769 911 813 il
925 785 1050 813 nous
1067 769 1302 829 apprend‚
1325 769 1445 814 dans
1469 786 1532 813 un
1550 786 1658 830 pas-

166 866 281 911 sage
307 850 391 910 qui
416 865 440 893 a
470 848 686 908 echappe
705 847 941 907 jusqu'ici
967 862 1057 890 aux
1085 846 1392 902 historiens³⁷
1418 863 1513 907 que
1542 848 1659 893 c'est

169 927 382 988 pendant
409 925 727 986 l'expedition
751 925 940 985 dirigee
970 940 1029 968 en
1067 925 1177 967 1285
1213 940 1298 984 par
1331 924 1556 985 Philippe
1591 927 1655 970 ΙΙΙ

166 1013 332 1049 contre
350 1003 580 1064 l’Aragon
598 1002 716 1063 qu’il
733 1017 1011 1057 commenea
1028 1004 1052 1044 ἐι
1075 1001 1282 1045 mediter
1303 1001 1375 1045 les
1393 1001 1530 1046 idees
1547 1007 1656 1046 mai-

167 1091 352 1127 tresses
370 1081 428 1125 de
447 1097 497 1125 sa
511 1080 627 1125 vie'‘.
648 1083 718 1124 En
737 1081 867 1134 1300,
886 1078 921 1123 il
936 1079 1146 1135 exercait
1162 1081 1184 1122 a
1199 1080 1472 1124 Coutances
1489 1079 1532 1123 la
1550 1095 1655 1140 pro-

166 1160 354 1204 fession
379 1158 607 1212 d’avocat‚
643 1157 855 1202 d'avocat
873 1156 1020 1217 royaL
1045 1164 1251 1216 empertus
1273 1156 1512 1202 advocatus
1531 1173 1654 1217 reqa-

162 1237 235 1282 lis5
251 1253 261 1292 ;
280 1245 325 1281 et
341 1236 375 1280 il
393 1236 615 1296 occupait
629 1235 804 1295 depuis
820 1235 1098 1295 longtenips
1119 1249 1198 1278 ses
1212 1234 1378 1278 loisirs
1395 1237 1418 1277 ἐι
1435 1250 1655 1279 caresser

163 1417 256 1451 MM.
275 1417 320 1450 de
335 1414 494 1461 wamy,
518 1414 696 1448 Boutaric
716 1420 751 1448 et
769 1415 909 1454 Renan,
934 1426 1020 1447 avec
1040 1425 1129 1447 ceux
1152 1425 1224 1459 que
1240 1426 1310 1447 nos
1332 1414 1557 1448 recherches
1570 1427 1652 1460 per-

163 1464 355 1498 sonnelles
377 1475 474 1496 nous
497 1469 562 1496 ont
583 1462 724 1508 permis
747 1462 807 1508 d'y
828 1461 987 1506 ajouter.

211 1514 243 1545 1.
273 1511 505 1545 Ci-dessous
523 1511 540 1555 ξ
560 1513 616 1549 63,
642 1523 678 1555 p.
703 1511 759 1544 53.

208 1561 242 1592 2.
272 1558 407 1603 1bid.§
429 1559 508 1598 132,
533 1570 568 1603 p.
595 1559 673 1591 121.

207 1608 240 1641 3.
271 1606 323 1640 Ce
346 1617 507 1652 passage
528 1617 567 1638 se
590 1611 721 1638 trouve
741 1605 833 1638 dans
862 1605 893 1638 le
916 1603 1095 1638 memoire
1118 1615 1189 1649 que
1217 1616 1313 1636 nous
1336 1603 1520 1650 appelons
1546 1605 1578 1638 le
1600 1607 1649 1638 De

160 1653 423 1692 abreviatione,
446 1653 568 1698 lequel
588 1666 606 1686 a
621 1653 691 1691 ete',
713 1665 784 1685 non
804 1665 871 1698 pas
889 1651 1028 1698 public,
1051 1652 1144 1684 mais
1164 1651 1318 1697 analyse
1337 1663 1381 1684 en
1402 1652 1564 1695 francais
1582 1664 1649 1697 par

160 1701 211 1735 M.
232 1703 277 1735 de
297 1700 443 1746 Wailly
465 1701 559 1734 dans
582 1713 621 1733 sa
644 1700 889 1733 dissertation
909 1700 1003 1733 citee
1022 1712 1028 1738 ς
1051 1712 1069 1731 ι(
1087 1699 1421 1744 sicompletemeut
1439 1704 1476 1731 et
1492 1699 1523 1732 si
1539 1711 1647 1733 exac-

160 1755 298 1783 tement
319 1749 486 1794 analysd,
512 1748 565 1781 dit
587 1747 636 1781 M.
661 1747 851 1785 Boutaric,
874 1759 945 1793 que
967 1747 1000 1780 la
1022 1747 1163 1780 lecture
1187 1747 1234 1780 du
1258 1752 1356 1780 texte
1381 1746 1573 1780 lui-meme
1602 1760 1646 1780 ue

159 1797 300 1830 fonrnit
321 1808 464 1830 aucune
487 1795 643 1829 lumiere
666 1795 839 1828 nouvelle
861 1808 894 1829 >).
914 1795 1021 1828 Cette
1044 1794 1232 1827 assertion
1256 1795 1300 1827 de
1323 1794 1373 1826 M.
1395 1794 1573 1828 Boutaric
1589 1801 1647 1828 est

157 1844 330 1878 erronee.
353 1843 551 1888 L'analyse
574 1843 618 1876 de
641 1842 691 1876 M.
716 1843 761 1876 de
777 1842 935 1887 wamy,
958 1842 988 1875 si
1005 1841 1130 1875 bonne
1146 1841 1281 1887 qu'elle
1302 1841 1387 1882 soit,
1403 1854 1449 1875 ne
1466 1841 1645 1887 dispense

159 1892 263 1937 point
283 1892 328 1925 de
351 1891 382 1924 la
406 1891 547 1924 lecture
569 1891 618 1923 du
641 1896 738 1923 texte
761 1890 969 1923 lui-meme.

205 1940 238 1973 4.
267 1941 318 1972 De
337 1937 601 1977 abreviatione,
626 1937 690 1971 fol.
711 1940 731 1972 3
753 1946 811 1970 vu:
841 1950 859 1969 ι(
882 1938 923 1970 Iu
946 1936 1095 1982 legibus
1117 1936 1215 1970 enim
1244 1936 1521 1983 antiquissimis
1547 1937 1643 1970 Gre-

157 1998 286 2020 corum
310 1986 491 2030 scriptum
520 1985 588 2018 fuit
610 1997 676 2030 per
700 1984 987 2030 Philosophum,
1011 1984 1233 2029 magistrum
1261 1989 1297 2017 et
1321 1985 1514 2017 doctorem
1543 1985 1643 2029 regis

156 2034 374 2072 Alexandri,
397 2033 497 2078 quod
530 2032 708 2077 princeps
737 2032 962 2078 quicumque
982 2032 1045 2077 qui
1073 2032 1289 2065 dominatur
1317 2038 1474 2077 propter
1503 2044 1542 2064 se
1571 2032 1643 2065 dici

156 2094 231 2115 non
254 2079 366 2114 debet
387 2080 576 2125 princeps,
599 2086 656 2112 set
672 2080 858 2113 tirannus.
881 2080 964 2113 Non
982 2079 1094 2113 debet
1109 2092 1200 2125 ergo
1224 2091 1286 2112 rex
1303 2091 1461 2125 querere
1484 2092 1555 2124 que
1577 2092 1642 2113 sua

157 2134 245 2162 sunt
266 2127 420 2174 proprie
443 2127 652 2165 commoda,
691 2133 748 2160 set
778 2139 848 2173 que
871 2126 1079 2172 reipublice
1109 2127 1327 2172 expediunt.
1359 2127 1537 2172 Alioquin
1567 2140 1641 2160 non

155 2188 302 2222 regere,
328 2181 385 2209 set
407 2174 634 2209 tirannizare
657 2174 814 2208 dicetur.
839 2175 896 2208 Ad
925 2175 1165 2209 animandum
1191 2187 1279 2207 vero
1303 2175 1443 2219 regiam
1472 2175 1641 2219 majesta-

155 2230 229 2258 tem
252 2235 320 2270 pro
353 2222 570 2267 hujusmodi
600 2228 811 2269 conquestu
833 2235 906 2256 non
937 2222 1173 2261 dimittendo,
1198 2227 1235 2255 et
1262 2222 1307 2255 ad
1330 2222 1453 2267 ipsum
1476 2222 1640 2267 amplec-

157 2271 321 2310 tendum,
340 2276 380 2304 ut
399 2270 510 2315 longe
527 2270 690 2315 majores
712 2282 791 2304 cum
813 2276 911 2303 recta
935 2270 1150 2303 intencione
1167 2269 1342 2303 subditos
1364 2282 1438 2302 non
1460 2270 1640 2314 gravandi

155 2319 276 2353 valeat
308 2317 495 2356 obtinere,
535 2317 699 2362 scriptor
736 2318 846 2363 liujus
881 2317 1008 2363 operis
1042 2317 1165 2362 ipsum
1199 2329 1406 2362 aggressus
1441 2317 1521 2355 fuit,
1555 2329 1640 2362 pre-

155 2366 283 2400 missis
306 2364 572 2402 consideratis,
597 2370 722 2411 etque
741 2365 984 2398 considerare
1003 2365 1103 2410 cepit
1126 2378 1143 2398 a
1161 2365 1283 2398 reditu
1299 2364 1502 2409 Aragonie,
1529 2365 1639 2397 modo

156 2413 386 2459 procedendi
420 2412 558 2446 ibidem
583 2412 805 2458 perquisito,
832 2425 905 2445 non
929 2412 1010 2445 sine
1032 2413 1137 2456 gravi
1159 2412 1286 2445 cordis
1309 2412 1456 2451 dolore,
1483 2418 1639 2457 propter

154 2461 348 2494 ardentem
371 2460 605 2493 affectionem
625 2465 661 2493 ct
689 2460 926 2493 dilectionem
950 2472 1058 2505 quam
1088 2472 1175 2504 erga
1212 2459 1338 2493 inclite
1361 2459 1638 2493 recordationis

155 2508 361 2553 principem
395 2514 560 2540 vestrum
592 2506 885 2540 nobilissimum‘
914 2507 1123 2552 genitorem
1156 2506 1330 2544 habebat,
1362 2507 1486 2540 divina
1513 2507 1638 2551 gracia

154 2555 452 2589 misericorditer
470 2554 694 2600 inspirante,
709 2567 780 2600 que
798 2568 870 2588 non
890 2554 1040 2588 habenti
1059 2555 1297 2600 prudentiam
1313 2554 1453 2588 tribuat
1466 2567 1639 2587 consum-

153 2604 290 2641 mandi,
306 2608 342 2636 et
361 2603 463 2648 regie
482 2601 680 2647 majestati,
701 2607 847 2648 sumpta
870 2615 911 2636 ex
930 2602 998 2635 hoc
1021 2615 1136 2648 opere
1155 2602 1354 2635 occasione
1379 2601 1526 2647 plenius
1549 2602 1638 2635 deli-

153 2649 322 2688 berandi,
348 2650 605 2683 fortitudinem
622 2661 703 2683 cum
728 2650 1011 2695 perseverancia
1032 2649 1173 2683 tribuat
1194 2649 1403 2695 exequendi
1425 2662 1458 2682 )).

200 2698 234 2732 5.
263 2700 312 2731 De
335 2696 472 2735 abrev..
497 2697 561 2730 fol.
583 2698 651 2731 14:
678 2710 695 2730 ‹<
718 2697 759 2730 Iu
782 2697 851 2731 hoc
871 2698 934 2731 diu
955 2697 1133 2742 cogitavit
1154 2703 1331 2742 expertus
1351 2697 1554 2730 advocatus
1578 2709 1637 2730 re-

158 2745 254 2790 galis
276 2745 339 2791 qui
359 2745 428 2779 hoc
447 2757 543 2790 opus
568 2744 722 2790 scripsit
742 2757 809 2791 per
829 2745 1084 2793 experimenta
1107 2744 1266 2793 plurima
1295 2744 1449 2779 veniens
1471 2744 1516 2778 ad
1543 2744 1637 2778 viam

156 2792 482 2843 infrascriptam...
507 2805 540 2828 ».
