1942 3242
394 216 452 250 nn
482 214 898 249 REcuPERATmNE
928 213 1091 248 renna
1122 201 1335 248 smera(
1544 213 1604 247 125

173 311 360 363 [LXXXII]
403 306 518 353 136.
533 305 692 351 Videat
713 322 819 365 ergo
838 305 1045 348 dominus
1066 321 1143 347 rex
1164 316 1207 347 et
1229 304 1481 347 consideret
1503 303 1604 347 dili-

113 390 270 439 genter
313 378 502 437 qualiter
548 380 644 436 ejus
696 376 935 420 consiliarii
976 393 1110 435 super
1165 376 1391 419 exactione
1431 375 1604 418 servicii

115 467 339 494 armorum
371 467 416 492 se
445 450 713 500 habuerunt,
759 448 1025 491 debentibus
1059 448 1189 491 tacite
1221 447 1387 490 remitti
1419 447 1604 506 permit-

117 522 267 574 tendo,
297 533 340 565 et
370 523 425 564 ab
454 521 566 572 aliis,
596 537 676 580 per
703 520 883 563 modum
906 519 1179 562 retrobannii
1213 531 1257 562 et
1284 519 1434 562 auxilii
1458 519 1605 561 Eccle-

117 594 196 644 sie,
230 594 343 637 ultra
376 592 725 642 neccessitatem,
759 591 880 650 quod
912 591 1054 634 facere
1085 591 1345 633 debuissent
1382 607 1605 633 armorum

116 665 299 709 servicia
326 665 554 715 debentes,
579 663 812 723 exigendo.
845 665 1013 718 Querat
1039 663 1170 705 etiam
1199 662 1406 705 dominus
1434 678 1511 704 rex
1532 661 1608 704 ubi

116 748 221 781 sunt
245 736 309 779 illi
338 736 414 795 qui
442 751 575 794 super
602 734 858 793 hujusmodi
881 733 1218 777 remissionibus
1241 734 1324 776 sibi
1345 745 1492 793 grates
1515 733 1609 776 red—

118 808 344 859 diderunt,
375 807 446 850 isti
470 807 665 866 quicum
694 806 748 848 de
776 805 904 848 bonis
925 805 1120 864 propriis
1143 805 1393 866 obstagiare
1434 817 1478 848 et
1523 821 1610 848 ser·

116 880 226 923 vicia
248 895 430 922 suorum
477 878 706 921 feodorum
751 878 938 920 reddere
992 878 1259 928 debuerunt,
1303 878 1357 920 ad
1387 877 1610 937 impensas

118 952 364 994 vicinorum
392 966 591 1001 suorum,
617 950 693 1008 qui
722 949 766 991 in
783 949 988 992 domibus
1005 949 1096 992 suis
1119 961 1444 1000 remanserunt,
1471 960 1513 991 et
1526 965 1610 992 ma—

116 1026 280 1082 jorum,
317 1022 393 1081 qui
430 1021 485 1064 ad
524 1021 800 1080 implendum
829 1038 932 1063 suos
974 1037 1182 1064 numeros
1210 1033 1509 1081 pugnatorum
1537 1036 1612 1063 eos

120 1105 349 1145 vocarunt,
389 1093 722 1152 obstagiarunt3
755 1109 834 1151 per
870 1093 982 1135 hanc
1015 1092 1128 1135 viam
1162 1109 1341 1152 magnas
1375 1092 1612 1151 peccunias

122 1167 360 1216 lucrantes,
392 1165 445 1208 de
463 1164 735 1224 pauperibus
759 1164 905 1222 quoad
929 1164 1109 1206 mobilia
1131 1164 1232 1206 facti
1255 1164 1411 1207 divites
1434 1165 1613 1207 demum

123 1238 177 1281 ad
207 1254 285 1280 sua
312 1236 532 1280 domicilia
562 1236 816 1288 redierunt3
846 1236 955 1278 tales
986 1252 1074 1278 non
1104 1236 1324 1278 immerito
1351 1236 1515 1279 vellent
1541 1236 1614 1278 do-

124 1309 292 1352 minum
322 1324 472 1368 regem
515 1307 771 1366 frequenter
801 1323 1011 1367 magnum
1040 1307 1280 1350 exercitum
1314 1306 1611 1367 congregare3

125 1397 211 1440 que
233 1380 296 1423 sic
318 1380 430 1422 facta
456 1379 592 1422 fuisse
619 1379 812 1437 reperiet
833 1379 1039 1421 dominus
1066 1396 1158 1430 rex,
1193 1379 1227 1421 si
1247 1379 1438 1422 voluerit
1471 1380 1614 1422 facere

125 1451 323 1510 perquiri
350 1451 670 1510 premissorum
692 1450 914 1493 subtiliter
941 1450 1186 1493 veritatem.
1220 1450 1289 1493 Ad
1316 1451 1437 1510 quod
1457 1451 1615 1494 facien-

127 1523 232 1566 dum
282 1539 350 1565 me
393 1522 495 1565 sciri
534 1538 623 1564 non
668 1522 823 1564 vellem
865 1521 1142 1564 occasionem
1183 1521 1373 1573 dedisse,
1406 1523 1615 1581 quoniam

128 1595 277 1646 credo,
305 1594 339 1636 si
361 1594 564 1644 sciretur,
590 1610 659 1635 me
688 1593 939 1652 corporales
978 1593 1159 1636 insidias
1198 1610 1339 1652 usque
1374 1594 1428 1637 ad
1462 1594 1616 1637 mortis

127 1666 375 1724 periculum
403 1665 558 1707 vittare
586 1681 674 1707 non
707 1681 854 1723 posse,
886 1676 930 1707 et
956 1665 1076 1723 quod
1103 1665 1253 1724 plures
1288 1665 1417 1708 amici
1454 1666 1539 1708 mei
1576 1677 1619 1708 et

127 1737 314 1796 proximi
332 1749 483 1780 contra
504 1753 572 1779 me
584 1736 775 1795 graviter
797 1736 1117 1780 moverentur¹.
1136 1738 1300 1780 Tamen
1322 1737 1404 1780 hec
1425 1737 1619 1780 scribere

130 1921 226 1956 rent,
251 1916 283 1950 si
305 1928 345 1950 se
365 1915 570 1950 morituros
592 1916 893 1957 considerarent,
914 1916 1134 1951 mutationis
1169 1917 1279 1963 hujus
1311 1917 1551 1951 consultores
1585 1924 1621 1952 et

131 1969 294 1998 actores.
312 1977 330 1996 >³

180 2013 213 2045 1.
243 2013 292 2045 De
325 2011 461 2050 abrev.,
487 2011 551 2045 sol.
576 2012 617 2046 27
639 2019 702 2044 vo:
727 2024 745 2044 «
771 2010 839 2045 Vix
875 2023 942 2057 per
977 2011 1119 2057 regiam
1155 2012 1388 2057 majestatem
1411 2012 1623 2058 reperietur

133 2059 270 2105 aliquis
293 2060 356 2105 qui
378 2065 507 2093 contra
529 2059 710 2105 prelatos,
735 2059 799 2105 qui
828 2071 959 2092 omnes
991 2065 1078 2093 sunt
1107 2060 1145 2093 in
1176 2060 1246 2094 hoc
1273 2072 1412 2106 corpus
1439 2073 1554 2094 unum
1587 2066 1624 2094 et

134 2107 255 2140 anima
279 2119 363 2146 uua,
389 2118 503 2152 super
523 2105 596 2140 hiis
619 2107 754 2140 audeat
775 2114 1006 2147 concertare,
1026 2119 1085 2148 ne,
1102 2107 1198 2153 ipsis
1211 2107 1394 2141 indirecte
1415 2120 1622 2154 procuran-

133 2153 249 2192 tibus,
274 2155 508 2188 contendens
530 2165 645 2199 snper
667 2154 740 2188 hiis
759 2155 988 2200 generaliter
1011 2155 1251 2200 corrigendis
1273 2156 1318 2189 de
1340 2168 1457 2201 regno
1492 2156 1623 2201 procul

135 2202 315 2247 expulsus
334 2202 390 2235 vel
412 2202 449 2235 in
471 2213 515 2235 eo
537 2214 736 2236 remanens
761 2202 890 2236 amicis
912 2208 947 2236 et
969 2202 1080 2236 bonis
1108 2203 1285 2236 omnibus
1318 2204 1530 2237 denudetur
1563 2203 1624 2237 de-

136 2260 235 2282 mum
258 2248 436 2289 totaliter,
462 2250 561 2296 quod
587 2248 747 2295 quilibet
770 2262 859 2283 sane
885 2250 1021 2284 mentis
1045 2250 1225 2284 hactenus
1245 2263 1319 2284 non
1340 2251 1528 2284 immerito
1552 2252 1622 2284 du-

136 2295 280 2336 bitavit,
298 2297 398 2342 quia,
423 2309 491 2342 pro
513 2296 652 2331 talibus
673 2309 809 2331 nocere
822 2297 1005 2338 volentes,
1020 2310 1095 2331 non
1114 2299 1312 2332 manifeste
1332 2304 1388 2332 set
1404 2299 1561 2338 occulte,
1577 2299 1623 2332 ad

137 2343 258 2377 instar
278 2343 386 2382 Jude‚
416 2350 489 2378 tam
513 2356 578 2390 per
602 2356 641 2378 se
663 2357 772 2391 quam
802 2357 869 2390 per
899 2346 994 2379 alios
1028 2345 1210 2379 hactenus
1241 2351 1474 2386 nocueruut;
1507 2347 1622 2393 quod,

138 2392 329 2425 hominum
363 2397 554 2426 crescente
586 2392 746 2433 malicia,
788 2393 899 2438 longe
931 2393 1051 2438 magis
1086 2393 1297 2427 faciendum
1324 2394 1556 2439 presumitur
1586 2394 1625 2427 in

138 2439 317 2472 futurum.
341 2439 452 2481 Quod
475 2439 682 2485 periculum
704 2440 824 2485 magis
842 2453 952 2486 quam
972 2440 1088 2474 scribi
1107 2449 1239 2486 posset
1261 2441 1427 2475 existens
1446 2442 1624 2488 majestas

138 2486 240 2532 regia
263 2499 330 2533 per
355 2499 458 2520 suam
480 2487 638 2533 gratiam
660 2493 696 2521 et
724 2488 917 2534 justiciam
951 2489 1100 2522 studeat
1130 2488 1300 2529 evittare‚
1335 2501 1381 2523 ne
1415 2502 1483 2534 pro
1521 2495 1624 2523 tanto

137 2533 238 2568 bono
257 2535 442 2580 cuiquam,
464 2541 644 2580 operante
666 2534 851 2581 Dyabolo,
890 2548 956 2581 per
978 2535 1046 2570 hoc
1068 2536 1292 2570 immensum
1320 2537 1464 2571 offenso
1488 2537 1624 2571 malum

140 2582 318 2616 reddatur
330 2582 419 2622 illis,
438 2583 662 2629 quicumque
676 2582 826 2623 fuerint,
846 2584 908 2629 qui
922 2596 1030 2616 suum
1050 2583 1182 2630 suique
1196 2584 1303 2630 regni
1317 2584 1499 2618 honorem
1513 2597 1627 2630 super

140 2630 407 2664 exaltaciouem
442 2636 478 2663 et
499 2636 738 2675 augmentum
767 2643 848 2664 cum
876 2631 1043 2676 generali
1062 2632 1260 2666 commodo
1290 2632 1530 2666 subditorum
1561 2643 1628 2678 per

140 2676 237 2710 viam
264 2682 337 2711 tam
360 2677 610 2723 periculosam
632 2682 761 2711 contra
784 2684 838 2712 tot
867 2684 903 2712 et
933 2684 1058 2712 tantos
1080 2686 1355 2726 prosequentes
1383 2681 1465 2714 ausi
1488 2680 1630 2714 fuerint

142 2735 226 2757 cum
258 2725 383 2759 debita
412 2725 699 2771 perseverancia
727 2737 988 2760 consummare
1008 2739 1026 2760 »

190 2771 364 2807 L'auteur
385 2778 554 2808 constate
576 2785 622 2806 en
637 2785 698 2807 ces
718 2778 856 2807 termes
879 2774 972 2808 dans
994 2774 1027 2808 le
1044 2775 1093 2808 De
1115 2773 1366 2809 abreviatione
1385 2774 1468 2820 (fol.
1501 2776 1542 2809 31
1575 2774 1631 2819 νο)

144 2818 255 2865 qu’on
277 2831 437 2867 manque
456 2833 499 2855 en
524 2821 666 2855 Franco
694 2821 738 2855 de
767 2833 928 2867 courage
961 2821 1131 2868 civique:
1168 2835 1186 2855 «
1207 2821 1354 2856 Vicium
1391 2826 1630 2868 contemptus

1626 313 1746 340 Craintes
1767 321 1819 349 que
1844 321 1874 339 sa

1660 349 1793 376 franchise
1819 348 1873 375 ins-

1660 386 1717 422 pire
1725 389 1740 412 a
1750 385 1872 412 l'auteur.
