1942 3242
451 249 510 283 DE
540 248 958 282 RECUPERATIONE
988 249 1150 282 TERRE
1180 248 1377 282 SANCTE.
1621 248 1657 281 81

231 342 340 384 Cum
363 341 479 383 enim
502 356 653 382 omnes
682 339 902 382 discordie
930 347 973 381 et
1000 340 1193 398 ipsarum
1220 339 1393 381 duratio
1421 339 1509 381 sint
1529 339 1657 390 male,
1682 349 1929 420 C'ffiuaunpssisse

169 421 212 455 et
239 412 293 454 de
315 412 487 454 duobus
514 428 589 454 seu
617 411 820 469 pluribus
842 411 983 461 malis,
1013 427 1199 469 quorum
1226 427 1360 452 unum
1392 411 1539 452 vittari
1572 427 1659 453 non
1717 419 1930 483 {ffgm‘xffibffi

169 492 332 542 potest,
372 484 516 526 minus
556 483 716 525 malum
763 483 817 525 sit
867 483 1014 540 potius
1059 482 1328 541 eligendum,
1377 490 1498 540 patet
1542 482 1661 540 quod
1887 476 1893 482 ’

170 555 425 598 exercitium
446 555 587 597 litium
609 554 784 612 planius
811 562 854 596 et
880 555 1072 604 brevius,
1105 570 1202 596 cum
1230 554 1475 596 minoribus
1503 570 1660 612 expen-

171 627 246 678 sis,
270 627 496 669 laboribus
525 634 567 668 et
588 625 789 684 dampnis
810 625 1016 676 filiorum,
1047 633 1113 667 est
1133 642 1155 667 a
1177 641 1345 667 summo
1367 633 1491 683 patre
1513 625 1661 683 potius

171 698 469 757 cogitandum,
489 697 740 756 eligendum
754 704 796 739 et
813 696 1069 739 tenendum.
1090 696 1260 738 Idcirco
1276 697 1359 739 hoc
1376 696 1662 738 considerans

170 769 472 812 sanctissimus
511 785 717 811 romanus
751 768 966 826 pontifex,
1013 776 1139 826 pater
1185 768 1427 826 spiritualis
1467 768 1662 810 omnium

171 841 503 891 catholicorum,
534 840 658 882 novis
687 840 1010 882 habitatoribus
1042 840 1203 883 Sancte
1232 841 1367 882 Terre
1405 840 1525 898 leges
1558 831 1662 898 p‘ro-

170 913 305 971 prias,
350 911 694 955 consuetudines
723 920 766 953 et
793 919 955 954 statuta
982 927 1070 953 non
1098 912 1382 962 habentibus,
1414 911 1662 970 predictum

170 984 346 1026 modum
371 983 439 1026 vel
466 983 598 1025 alium
631 982 972 1025 commodiorem
1001 999 1099 1024 suas
1127 983 1226 1025 lites
1255 982 1506 1033 decidendi,
1537 983 1662 1025 mise-

170 1055 420 1106 ricorditer,
453 1063 586 1113 prout
613 1054 751 1113 magis
787 1055 967 1112 poterit,
998 1054 1192 1096 sedando
1227 1054 1487 1104 discordias,
1519 1054 1664 1113 quoad

170 1135 404 1185 utrumque
433 1126 588 1176 forum,
613 1125 834 1168 destinare
856 1125 1078 1184 dignetur.
1103 1125 1165 1167 Ac
1193 1142 1245 1168 ex
1273 1126 1500 1184 premissis
1522 1134 1563 1167 et
1585 1141 1664 1184 per

171 1214 220 1240 ea
240 1206 411 1256 sumpta
440 1197 686 1248 occasione,
716 1197 820 1239 velit
849 1204 1008 1239 statum
1040 1197 1283 1255 reipublice
1311 1197 1663 1239 christicolarum

171 1269 458 1328 spiritualiter
485 1277 528 1311 et
557 1268 874 1327 temporaliter,
917 1276 1048 1327 prout
1084 1277 1208 1327 pater
1235 1268 1447 1310 luminum
1474 1268 1664 1327 inspira-

170 1341 296 1392 verit,
327 1340 593 1400 generaliter
619 1340 874 1390 reformare‚
898 1339 975 1382 tali
1005 1340 1135 1382 modo
1162 1340 1281 1398 quod
1309 1340 1664 1382 reformationem

172 1429 293 1455 suam
321 1413 376 1454 sit
396 1411 633 1454 verisimile
656 1411 748 1453 fore
778 1420 994 1470 perpetuo
1016 1411 1284 1454 duraturam.
1316 1413 1439 1462 Nam,
1469 1411 1504 1453 si
1532 1427 1664 1470 expe-

173 1483 263 1526 diat
283 1483 483 1526 laborare
505 1483 559 1525 ad
580 1483 840 1542 sopiendum
866 1482 1110 1525 discordias
1140 1499 1381 1541 pacemque
1402 1483 1662 1525 firmandum

172 1555 302 1598 unius
347 1555 534 1597 civitatis
573 1562 615 1596 et
654 1554 859 1604 diocesis,
909 1555 1045 1613 magis
1088 1555 1218 1596 etiam
1251 1555 1380 1596 unius
1419 1555 1660 1612 provincie,

173 1627 310 1686 magis
338 1627 468 1669 unius
502 1626 643 1685 regni,
675 1626 901 1684 magisque
929 1626 1096 1676 decem,
1128 1635 1291 1684 quanto
1319 1626 1456 1685 magis
1487 1625 1665 1684 expedit

173 1697 461 1741 laboraread
499 1714 650 1756 pacem
686 1689 972 1755 temporalem
1016 1706 1058 1739 et
1096 1697 1368 1755 spiritualem
1408 1706 1664 1755 perpetuam

173 1770 367 1812 omnium
395 1769 710 1811 catholicorum
729 1770 746 1811 Ρ
772 1768 851 1811 Hic
870 1768 968 1810 finis
986 1777 1073 1810 tam
1095 1785 1295 1827 magnus,
1318 1777 1405 1810 tam
1427 1769 1662 1827 gloriosus,

174 1858 262 1884 non
290 1841 375 1883 nisi
402 1857 482 1899 per
506 1840 715 1883 vicarium
743 1840 859 1899 regis
888 1839 1058 1898 pacifici
1087 1849 1236 1898 posset
1264 1841 1308 1882 in
1336 1857 1431 1882 esse
1461 1840 1662 1898 produci,

174 1922 392 1970 tamquam
421 1928 443 1954 a
465 1928 633 1954 summo
671 1914 763 1954 Deo
796 1911 1058 1969 procedens,
1099 1911 1174 1953 illo
1206 1911 1441 1961 mediante,
1477 1911 1547 1953 cui
1585 1911 1666 1953 soli

175 1983 495 2042 plenitudinem
524 1999 599 2025 sue
626 1983 856 2041 potestatis
885 1983 1102 2025 commisit
1130 1983 1173 2024 in
1200 1983 1360 2035 terris3
1394 1983 1448 2025 ad
1476 1982 1594 2041 quod
1622 1999 1667 2024 se

176 2054 388 2105 referens,
436 2054 614 2096 inclitus
653 2054 879 2113 legislator
925 2054 1063 2096 civilis
1112 2054 1170 2096 ait
1205 2071 1212 2095 :
1266 2054 1500 2113 Occupatis
1545 2054 1668 2096 nobis

177 2130 295 2169 circa
330 2129 465 2168 tocius
514 2126 748 2183 reipublice
794 2142 922 2167 curas
961 2136 1001 2168 et
1041 2126 1177 2168 nichil
1210 2142 1371 2184 parum
1413 2126 1668 2184 eligentibus

176 2201 384 2256 cogitare,
415 2205 497 2239 etc.

238 2416 345 2466 [le]
391 2411 506 2457 100.
549 2412 616 2455 Ad
660 2412 872 2470 premissa
911 2428 1014 2454 vero
1051 2411 1211 2462 omnia,
1257 2412 1490 2470 presertim
1528 2411 1669 2455 studia
1693 2423 1835 2451 xouveues
1853 2423 1939 2465 pirre,

180 2483 411 2525 scolarium
440 2483 703 2541 provisionis
731 2484 862 2541 hujus
897 2483 1188 2542 disponenda,
1222 2491 1399 2541 paratus
1427 2492 1492 2525 est
1520 2492 1562 2526 et
1589 2485 1672 2527 erit
1727 2460 1761 2486 de
1788 2469 1902 2487 'effice'

179 2554 368 2612 scriptor
390 2555 519 2612 hujus
541 2554 758 2612 opusculi,
790 2554 970 2596 dimisso
992 2570 1150 2613 magno
1173 2562 1330 2612 questu
1352 2555 1518 2612 publici
1546 2555 1670 2597 advo-

181 2626 365 2667 cationis
387 2624 520 2667 officii
548 2641 775 2667 causarum
797 2625 1193 2668 illustrissimorum
1215 2625 1491 2668 dominorum
1519 2642 1671 2685 regum

181 2697 449 2739 Francorum
465 2705 507 2738 et
529 2697 771 2755 Anglorum
787 2705 830 2739 ct
845 2697 1026 2739 aliarum
1042 2696 1452 2747 ecclesiasticarum,
1468 2705 1674 2755 terreque

184 2783 260 2809 sue
272 2767 428 2810 natalis
445 2768 734 2819 habitatione3
750 2767 979 2825 coadjuvet
993 2767 1085 2826 (sic)
1098 2783 1178 2825 pro
1190 2768 1294 2809 totis
1306 2768 1489 2817 viribus,
1506 2768 1675 2810 favente

187 2838 374 2880 Domino
392 2843 471 2893 [ct]
494 2839 735 2889 laborante,
762 2846 808 2881 ut
822 2847 908 2880 tam
919 2838 1071 2897 optimi
1094 2838 1192 2880 finis
1207 2839 1429 2897 particeps
1445 2838 1672 2890 efficiatur,

354 2928 471 2959 Pierre
488 2928 624 2960 Duboe‘s.
1494 2928 1510 2955 6
