1942 3242
417 229 477 261 DE
517 224 936 260 RECUPERATIONE
967 221 1131 256 TERRE
1161 221 1362 254 SANCTE.
1578 218 1638 252 107

150 318 340 360 rationes
364 333 464 360 cum
483 316 690 359 omnibus
715 314 994 374 principibus
1022 312 1084 354 ibi
1106 310 1486 361 convenientibus,
1508 317 1642 368 prout

150 389 288 448 magis
304 396 502 447 possent,
521 396 703 446 propter
718 385 970 429 habendum
991 384 1043 426 ab
1059 383 1267 425 omnibus
1280 381 1491 424 auxilium
1509 397 1643 438 super

150 459 447 519 adquisitione
468 459 644 517 imperii
667 460 928 507 Grecorum,
959 463 1061 514 post
1086 454 1199 497 viam
1228 455 1363 496 Terre
1392 454 1552 495 Sancte
1579 451 1642 494 fa-

152 531 333 583 cienda3
357 531 479 589 quod
504 531 674 589 primus
702 529 865 571 faceret
881 543 957 570 seu
981 527 1124 569 facere
1145 525 1328 568 deberet
1349 523 1643 566 libentissime

152 619 229 646 rex
251 603 414 661 Sycilie
443 618 544 645 cum
568 602 658 644 suis
685 600 909 650 omnibus,
938 598 1145 641 videlicet
1172 597 1234 639 eis
1262 596 1339 655 qui
1371 595 1518 653 ipsum
1554 603 1642 637 tam

153 673 400 734 magnifice,
446 681 580 732 prout
618 672 906 731 premittitur,
949 669 1237 728 adjuvabunt,
1279 675 1421 709 totum
1462 666 1640 725 navigii,

151 745 382 788 hominum
411 753 453 787 et
479 745 715 794 bonorum,
749 742 869 801 quod
906 741 1049 784 faeere
1082 740 1261 799 poterit,
1298 738 1510 781 auxilium
1540 753 1644 796 pro-

152 815 383 860 mittendo.

210 887 297 931 Alii
324 888 455 931 etiam
493 903 646 930 omnes
681 886 852 929 facilius
889 885 944 927 ad
969 882 1320 943 promittendum
1357 881 1569 924 auxilium
1603 887 1646 922 et

152 959 401 1003 faciendum
431 959 742 1009 movebuntur,
773 973 904 1016 quam
942 963 1126 1015 possent
1163 963 1272 997 tunc
1299 953 1354 996 ad
1393 951 1642 996 faciendum

151 1031 319 1082 induci,
351 1031 387 1073 si
407 1030 642 1089 promissio
663 1030 833 1072 firmata
861 1028 1042 1070 minime
1069 1026 1375 1086 processisset.

213 1103 502 1146 Cessantibus
524 1102 641 1144 enim
676 1102 794 1143 inter
821 1100 1061 1142 catholicos
1095 1098 1269 1158 guerris
1291 1096 1434 1139 solitis
1457 1104 1500 1138 et
1527 1095 1646 1153 sopi-

152 1174 224 1225 tis,
245 1174 327 1216 viri
348 1174 564 1224 bellicosi,
596 1189 650 1215 ne
671 1180 928 1215 remaneant
947 1180 1055 1214 tunc
1075 1170 1120 1212 in
1148 1170 1239 1212 suis
1259 1169 1366 1211 locis
1388 1167 1568 1217 occiosi‚
1593 1166 1647 1209 ad

154 1245 402 1289 subsidium
425 1261 649 1287 armorum
674 1244 926 1286 faciendum
945 1251 988 1285 et
1008 1242 1247 1285 videndum
1264 1241 1310 1282 in
1325 1249 1443 1282 terra
1458 1246 1642 1289 remota,

154 1318 284 1377 longe
307 1317 477 1359 facilius
502 1316 631 1358 solito
659 1316 983 1366 movebuntur3
1014 1315 1059 1356 in
1093 1329 1197 1372 quo,
1229 1311 1458 1371 premissis
1480 1326 1646 1368 suppo-

158 1389 268 1439 sitis,
299 1388 538 1430 verisimile
566 1396 632 1430 est
673 1391 825 1429 omnes
859 1386 1110 1429 habitantes
1143 1385 1259 1427 inter
1282 1383 1570 1426 Occidentem
1605 1389 1648 1423 et

156 1460 376 1510 Greciam,
408 1460 516 1501 citra
555 1475 673 1501 mare
701 1459 1093 1508 Mediterraneum,
1125 1472 1263 1515 prope
1300 1455 1439 1513 ripam
1468 1455 1563 1512 ejus
1589 1453 1647 1495 vi-

157 1531 334 1581 delicet,
364 1531 480 1573 viros
499 1531 734 1573 bellicosos
763 1546 863 1572 cum
893 1529 1076 1588 navigiis
1099 1528 1152 1570 de
1175 1527 1297 1570 sacili
1324 1526 1576 1568 convenire.

215 1604 339 1645 Tunc
361 1619 413 1644 ex
440 1602 590 1644 multis
621 1602 822 1660 partibus
849 1610 937 1643 tam
965 1617 1044 1659 per
1079 1616 1197 1642 mare
1228 1615 1360 1657 quam
1397 1613 1476 1656 per
1508 1605 1648 1639 terras

156 1674 360 1732 expediet
387 1674 633 1716 Grecorum
653 1682 794 1715 terras
815 1681 857 1714 et
878 1672 1114 1730 imperium
1142 1671 1372 1721 insultare,
1403 1685 1503 1711 cum
1534 1667 1649 1710 mul-

155 1745 212 1787 tis
235 1753 278 1787 et
298 1745 470 1804 magnis
485 1745 829 1803 provisionibus,
851 1743 1000 1786 tactis¹
1022 1743 1066 1785 in
1080 1759 1168 1785 uno
1190 1742 1340 1784 libello
1362 1742 1505 1799 Super
1520 1740 1650 1781 abre-

159 1820 344 1859 viatione
381 1833 649 1875 guerrarum
691 1827 731 1858 et
770 1816 1023 1876 hujusmodi
1054 1814 1396 1873 pt·0vl'sionibu8‚
1435 1828 1515 1870 per
1554 1827 1649 1869 pre-

160 1888 351 1930 sentium
374 1888 635 1946 scriptorem
664 1887 800 1938 edito,
828 1895 871 1929 et
900 1887 1018 1945 apud
1046 1886 1282 1929 Tholosam
1320 1884 1454 1926 misso
1489 1891 1532 1925 et
1560 1891 1650 1925 tra-

161 1957 253 2001 dito
279 1959 422 2018 perito
450 1967 493 2002 et
519 1959 638 2001 fideli
661 1959 801 2001 amico
823 1958 966 2017 regni,
992 1958 1204 2017 magistro
1232 1956 1390 1999 Joanni
1417 1955 1471 1998 de
1497 1956 1650 1998 Fores-

210 2170 243 2202 1.
273 2168 325 2201 Le
341 2180 501 2214 passage
521 2168 569 2201 du
584 2170 634 2202 De
653 2167 993 2211 abreviationeffol.
1013 2168 1111 2211 9)οὺ
1130 2166 1277 2200 Dubois
1296 2166 1401 2212 parle
1420 2166 1486 2199 des
1509 2165 1652 2211 projets

163 2216 208 2249 de
228 2215 388 2249 Charles
407 2216 452 2249 de
487 2215 619 2250 Valois
654 2228 719 2249 sur
749 2215 1067 2260 Constantinople
1099 2220 1157 2248 est
1192 2220 1292 2248 muet
1327 2226 1392 2247 sur
1424 2213 1458 2246 la
1485 2213 1653 2246 maniere

163 2263 208 2297 de
230 2263 374 2308 diriget·
395 2263 638 2309 l'expedition
651 2269 781 2298 contre
800 2263 981 2308 l'Empire
1000 2275 1087 2308 grec
1107 2267 1143 2296 et
1162 2274 1227 2295 sur
1242 2262 1296 2295 les
1313 2261 1543 2308 provisiones
1562 2261 1654 2294 dont

163 2311 188 2344 il
209 2316 268 2344 est
288 2311 336 2344 ici
355 2312 544 2356 question.
565 2311 718 2345 D'autre
740 2317 837 2356 part,
860 2311 893 2344 le
920 2313 971 2344 De
993 2309 1244 2344 abreviatione
1263 2323 1281 2343 a
1304 2309 1362 2343 ete
1383 2308 1654 2342 certainement

163 2358 294 2403 redige
316 2359 334 2391 ἐι
358 2358 390 2391 la
413 2359 463 2392 fin
490 2359 534 2392 de
567 2358 712 2392 l'annee
737 2360 842 2393 1300.
869 2358 935 2398 Or,
970 2357 1117 2391 Dubois
1142 2370 1185 2391 va
1208 2370 1305 2391 nous
1326 2356 1542 2402 apprendre
1564 2355 1655 2402 qu'il

163 2406 262 2439 avait
283 2405 397 2439 remis
426 2418 494 2439 son
526 2405 687 2440 Libellus
710 2418 822 2453 super
852 2405 1105 2439 abreviatione
1131 2416 1351 2450 guerrarum
1379 2409 1412 2438 et
1436 2401 1656 2450 hujusmodi

161 2453 454 2501 provisionibus,
474 2454 521 2487 οὺ
542 2453 567 2487 il
586 2453 676 2487 etait
698 2453 873 2499 question
896 2454 941 2487 de
964 2453 996 2487 la
1013 2453 1177 2499 tactique
1191 2453 1210 2486 a
1230 2452 1355 2486 suivre
1373 2457 1504 2485 contre
1526 2450 1654 2485 Paleo-

166 2503 290 2546 logue,
315 2502 481 2546 pendant
504 2513 550 2534 uu
574 2501 700 2546 sejour
722 2501 771 2534 du
792 2501 848 2534 roi
868 2501 886 2534 a
905 2500 1108 2534 Toulouse.
1132 2500 1229 2534 Mais
1252 2499 1426 2545 Philippe
1448 2499 1481 2532 le
1508 2498 1574 2532 Bel
1596 2498 1653 2531 n’a

167 2549 342 2594 sejourne
363 2549 382 2581 a
401 2548 606 2587 Toulouse,
626 2560 769 2582 comme
790 2548 951 2582 l’atteste
970 2561 1038 2582 son
1052 2548 1260 2587 itineraire,
1284 2548 1418 2592 depuis
1440 2547 1472 2580 le
1489 2546 1655 2591 mariage

168 2596 212 2629 de
234 2595 393 2630 Cliarles
412 2596 457 2629 de
479 2596 609 2629 Valois
631 2608 718 2630 avec
740 2596 943 2630 Catherine
971 2597 1015 2630 de
1038 2595 1255 2640 Courtenay
1275 2595 1425 2641 jusqu‘a
1447 2595 1480 2628 la
1503 2595 1587 2628 date
1610 2594 1655 2626 de

168 2643 201 2676 la
223 2643 416 2677 redaction
441 2644 490 2677 du
514 2645 563 2677 De
583 2655 667 2677 recu
697 2644 872 2682 eratione,
891 2643 1000 2690 qu'en
1018 2643 1165 2688 jauvier
1183 2644 1288 2678 1304.
1307 2643 1387 2676 J'en
1407 2641 1562 2676 conclus
1583 2653 1655 2687 que

169 2691 202 2724 le
224 2690 388 2725 Libellus
410 2691 455 2724 de
475 2691 578 2729 1304,
601 2692 648 2724 οὺ
669 2655 816 2725 ssubois
839 2691 971 2735 traeait
991 2691 1025 2724 le
1047 2703 1286 2736 programme
1308 2690 1417 2724 d'une
1439 2689 1655 2735 expedition

170 2738 188 2771 ὸ
217 2738 534 2784 Constantinoplc
567 2751 613 2772 nc
644 2739 723 2772 doit
754 2751 821 2785 pas
854 2741 933 2772 ἐπε
954 2739 1144 2773 confondu
1166 2750 1253 2772 avec
1273 2738 1306 2771 le
1321 2740 1371 2771 De
1389 2737 1654 2772 abreviatione.

170 2785 305 2819 C'dtait
328 2786 616 2831 probablement
633 2799 682 2820 un
704 2786 974 2820 remaniement
996 2787 1041 2820 de
1060 2786 1093 2820 la
1110 2786 1295 2832 premiere
1312 2785 1431 2832 partie
1453 2785 1498 2818 de
1515 2796 1554 2818 ce
1574 2784 1656 2823 der-

170 2833 252 2869 nien·
274 2834 464 2875 memnii-e,
487 2835 549 2884 qui
568 2840 625 2867 est
644 2833 883 2883 aujourd'hui
902 2834 1034 2884 pet-du.
1316 2833 1319 2837 ’

1670 1610 1772 1644 Ρτο]εῑε
1787 1608 1820 1636 de
1837 1608 1919 1634 Char-

1704 1645 1743 1672 les
1769 1645 1802 1671 de
1829 1643 1919 1670 Valois

1706 1691 1752 1707 sur
1768 1679 1919 1708 Constanti-

1706 1717 1794 1752 nople.
1812 1731 1846 1737 —
1865 1717 1919 1742 Re-

1706 1755 1800 1780 sume
1838 1752 1919 1778 d'un

1706 1789 1832 1815 memoire
1847 1790 1922 1815 ante-

1707 1825 1779 1852 riem-
1808 1833 1854 1851 sur
1887 1832 1918 1850 ce

1706 1863 1787 1898 snjet.
