1942 3242
423 224 482 257 DE
510 223 929 257 RECUPERATIONE
959 223 1119 256 TERRE
1151 222 1345 256 SANCTE.
1590 219 1630 251 45

200 314 283 361 55.
320 316 428 358 Item
455 315 509 357 de
536 315 665 357 bonis
692 314 945 373 hujusmodi
974 314 1246 372 prioratuum
1272 312 1406 353 trium
1431 310 1499 352 vel
1523 324 1629 367 qua-

136 395 253 437 tuor,
273 387 309 429 si
327 387 508 429 abbacia
525 403 614 429 non
631 387 790 428 habeat
807 386 1025 428 forensem
1041 385 1284 444 prioratum
1299 380 1632 425 conventualem

139 457 445 510 sufficientem,
482 458 536 500 ad
576 458 832 500 mutandum
872 456 1094 499 interdum
1130 455 1448 498 habitationem
1488 467 1632 495 mona-

139 531 321 572 chorum
360 531 417 572 ob
454 530 622 588 aliquas
661 545 812 571 causas
852 528 1014 571 locales
1055 528 1100 570 in
1131 527 1312 569 abbacia
1343 526 1486 567 minus
1520 525 1633 565 bene

139 601 506 652 conversantium,
533 601 826 643 constituatur
843 616 957 642 unus
972 600 1192 658 prioratus
1212 596 1513 640 conventualis
1536 611 1633 638 cum

138 674 261 716 tenui
290 674 406 716 victu
440 673 770 723 monachorum,
811 681 858 714 ut
894 671 1098 714 monachi
1133 671 1340 712 timentes
1386 669 1490 711 illuc
1521 668 1634 710 mitti

140 746 296 788 melius
324 753 638 788 conversentur
665 745 711 786 in
731 744 914 786 abbacia
935 760 1010 786 sua
1037 751 1220 801 propter
1240 742 1443 784 timorem
1462 740 1634 782 habita-

141 818 275 861 tionis
295 817 440 860 tenuis
461 817 697 876 prioratus.

205 959 289 1006 56.
329 960 376 1002 Si
400 975 504 1002 vero
532 945 714 1001 abbacia
740 974 828 1001 non
857 966 984 1017 egeat
1010 958 1209 1016 prioratu
1235 956 1312 998 tali
1339 954 1634 1004 conventuali,

145 1040 251 1074 tunc
270 1031 392 1090 prior
413 1039 455 1073 et
477 1031 678 1073 monachi
706 1038 794 1072 tam
824 1029 1097 1072 modicorum
1127 1029 1400 1087 prioratuum
1428 1026 1483 1069 ad
1503 1026 1639 1069 abba-

147 1103 257 1145 ciam
278 1103 521 1153 mittantur,
551 1102 596 1144 in
624 1101 815 1144 claustro
842 1101 1031 1144 Domino
1052 1101 1272 1143 servituri.

207 1176 273 1218 De
317 1174 446 1216 bouis
497 1174 771 1232 prioratuum
815 1173 1097 1215 dimissorum
1142 1172 1394 1230 assignetur
1445 1170 1639 1213 abbaciis

149 1247 356 1305 quatinus
382 1261 483 1288 vere
510 1253 575 1287 tot
602 1245 805 1288 monachi
835 1261 915 1303 per
942 1258 1104 1287 annum
1125 1243 1383 1302 impendent
1408 1261 1416 1295 ;
1445 1243 1507 1285 sic
1529 1242 1639 1285 divi-

148 1333 253 1360 num
275 1317 499 1360 servitium
526 1317 775 1376 augebitur,
810 1317 981 1359 meliori
1007 1316 1137 1358 modo
1171 1315 1245 1358 fiet
1269 1333 1278 1368 ;
1314 1315 1488 1357 abbatie
1517 1330 1640 1356 resu-

150 1397 318 1432 mentes
352 1405 453 1431 suos
487 1388 600 1431 filios
645 1387 908 1431 fluctuantes
953 1397 997 1430 et
1039 1396 1247 1447 vagantes
1283 1396 1404 1429 extra
1452 1386 1639 1428 claustra

150 1460 452 1520 temporaliter
488 1477 576 1502 non
614 1461 928 1520 gravabuntur,
969 1461 1266 1518 majoremque
1298 1458 1641 1501 sollicitudinem

151 1532 445 1591 spiritualium
466 1532 765 1590 perditionum
786 1540 830 1574 et
848 1532 978 1590 longe
1001 1531 1205 1590 pauciora
1234 1531 1430 1589 pericula
1457 1530 1641 1573 sustine-

153 1604 262 1646 bunt
289 1605 470 1646 abbates
492 1612 534 1645 et
561 1603 633 1646 alii
660 1603 890 1662 prepositi.

214 1676 287 1719 Sic
318 1676 463 1718 omnia
491 1676 607 1717 bona
634 1675 1001 1717 'monasteriorum
1028 1683 1157 1717 erunt
1185 1675 1231 1718 in
1263 1675 1464 1716 manibus
1495 1682 1538 1715 et
1564 1689 1643 1731 po-

151 1755 310 1790 testate
339 1748 484 1798 unius,
509 1747 714 1789 videlicet
747 1746 1017 1805 presidentis
1054 1748 1098 1789 in
1126 1747 1204 1797 eis,
1249 1747 1325 1804 qui
1354 1762 1441 1788 non
1472 1745 1646 1788 timebit

154 1819 376 1878 corrigere
410 1827 453 1861 et
487 1818 752 1877 compellere
784 1818 898 1860 filios
935 1818 989 1860 ad
1021 1818 1350 1860 observanciam
1378 1817 1641 1876 regularem,

154 1901 335 1949 propter
361 1891 592 1932 thesauros
614 1890 658 1932 in
681 1906 832 1932 eorum
853 1889 1008 1932 loculis
1026 1891 1148 1948 juxta
1167 1889 1491 1948 dampnabilem
1513 1889 1646 1930 ritum

155 1962 367 2004 hactenus
389 1963 666 2004 observatum
694 1961 963 2012 reconditos,
994 1977 1073 2019 per
1095 1978 1205 2019 quos
1226 1961 1409 2004 tendere
1437 1969 1480 2002 et
1500 1961 1646 2002 insur—

157 2049 261 2093 gere
288 2033 488 2076 solebant
507 2033 560 2075 ad
581 2033 788 2075 abbatum
810 2032 1148 2091 depositionem,
1174 2041 1326 2075 contra
1352 2033 1473 2091 ipsos
1494 2047 1647 2090 provo-

158 2104 313 2155 cando,
363 2104 643 2163 appellando,
692 2104 878 2162 plurima
916 2105 1030 2147 bona
1069 2105 1436 2147 monasteriorum
1482 2104 1526 2145 in
1565 2103 1648 2145 hoc

160 2176 475 2226 consumendo,
507 2184 550 2218 et
570 2176 696 2234 plura
722 2176 766 2217 in
795 2175 951 2218 loculis
973 2183 1095 2218 extra
1116 2176 1380 2218 monasteria
1401 2174 1645 2224 recondita,

159 2263 255 2290 cum
293 2247 520 2290 animabus
560 2247 875 2306 deponentium
915 2256 958 2290 et
991 2248 1360 2306 depositariorum
1394 2247 1649 2304 frequenter

159 2319 402 2377 perdendo.
451 2321 546 2373 Que
590 2319 736 2377 gravia
788 2319 975 2377 dampna
1020 2319 1265 2378 spiritualia
1310 2327 1353 2360 et
1391 2317 1649 2376 temporalia

159 2391 346 2441 notoria,
379 2390 645 2432 scribentem
672 2391 769 2440 hec,
802 2391 878 2448 qui
904 2390 1030 2449 plura
1058 2406 1214 2449 magna
1236 2390 1391 2432 salaria
1414 2389 1467 2431 de
1487 2389 1648 2430 talibus

160 2462 287 2504 bonis
328 2469 555 2520 receperat
588 2470 936 2520 recepturusque
976 2461 1286 2520 presumitur¹,
1330 2462 1365 2503 si
1405 2468 1526 2503 actor
1564 2461 1650 2502 vite

160 2534 389 2593 longevum
435 2533 472 2575 ei
518 2533 648 2575 vitam
694 2534 934 2591 permittat,
990 2541 1172 2592 propter
1215 2533 1379 2575 bonum
1420 2547 1651 2574 commune

161 2613 389 2647 moverunt
410 2604 463 2647 ad
482 2605 565 2646 hoc
593 2604 873 2663 cogitandum
901 2613 943 2646 et
963 2604 1260 2647 scribendum.

213 2831 246 2865 1.
275 2830 332 2864 Cf.
355 2831 373 2875 ἓ
396 2832 473 2866 100.

1651 325 1713 344 sous
1766 316 1899 344 certaines

1707 355 1843 380 reserves-
