1942 3242
345 212 405 245 102
891 215 1078 247 PIERRE
1106 194 1313 248 DUBOISs

346 302 486 344 ferrea
520 318 649 361 quarn
688 304 821 346 mittit
866 306 984 346 Deus
1026 306 1147 362 juxta
1190 304 1325 348 illud:
1373 306 1508 364 Reges
1535 321 1605 347 eos
1638 309 1681 348 in
1713 309 1836 364 virga

340 373 545 432 ferrea¹.·
578 375 632 416 Et
665 376 740 433 qui
780 391 931 418 causas
958 376 1214 433 hujusmodi
1239 377 1462 436 virgarum
1491 393 1578 418 non
1606 376 1837 419 advertunt

344 453 391 486 ut
418 445 661 488 imitatores
683 446 850 489 duricie
871 447 1128 498 Pharaonis,
1154 448 1210 489 ob
1237 448 1321 490 hoc
1341 447 1659 505 temporaliter,
1691 455 1733 490 et
1759 448 1836 490 de·
1892 498 1894 501 .

346 532 482 567 mum,
523 517 559 559 si
597 533 686 560 non
729 518 1026 576 resipuerunt,
1078 519 1331 561 eternaliter
1369 519 1623 577 punientur.
1665 519 1836 561 Idcirco

345 588 541 630 omnium
574 588 808 631 effectuum
839 605 948 647 quos
987 590 1245 649 contingere
1277 590 1476 632 videmus
1505 606 1655 632 causas
1681 590 1836 648 proba-

345 659 456 701 biles
478 659 656 718 expedit
673 661 949 719 perquirere,
975 662 1096 719 juxta
1118 661 1284 704 dictum
1309 678 1543 704 commune
1565 661 1837 721 Hugucionis

350 747 436 789 quo
465 739 667 774 cavetur:
691 755 695 760 ι

642 872 749 908 Felix
769 874 836 921 qai
856 886 977 908 rerum
994 875 1123 922 potuit
1143 886 1358 920 cognoscere
1381 886 1534 910 causas.

408 1017 462 1058 Et
501 1017 799 1076 Philosophus
818 1035 827 1059 :
861 1019 1048 1076 Propter
1067 1019 1306 1072 admirari,
1334 1023 1480 1077 primo
1502 1030 1707 1077 ceperunt
1725 1037 1838 1062 sum-

346 1092 407 1130 mi
424 1090 673 1131 sacerdotes
716 1093 759 1131 in
790 1091 964 1148 Egypto
995 1090 1317 1148 philosophari,
1360 1090 1566 1133 videlicet
1613 1091 1838 1150 querendo

346 1176 500 1202 causas
534 1161 787 1218 probabiles
828 1169 870 1203 et
905 1161 1166 1203 verisimiles
1201 1161 1435 1204 effectuum
1471 1178 1580 1220 quos
1613 1162 1835 1206 videbant.

347 1232 778 1275 Contradoctrinam
810 1234 1141 1291 Scripturarum
1167 1233 1414 1276 divinarum
1442 1242 1627 1292 peccant
1655 1235 1731 1292 qui
1753 1251 1838 1277 ma-

346 1303 490 1346 lorum
518 1315 700 1346 eventus
734 1305 955 1362 imputant
982 1304 1064 1347 soli
1101 1304 1292 1355 fortune,
1317 1321 1405 1346 non
1441 1306 1649 1363 peccatis.
1683 1307 1838 1349 Nonne

347 1375 456 1417 dicit
499 1375 773 1418 Dominus²t
822 1378 1009 1434 Propter
1033 1386 1220 1435 peccata
1254 1377 1410 1435 populi
1446 1393 1635 1434 regnare
1671 1377 1837 1430 faciam

345 1450 587 1505 ypocritam
613 1450 637 1489 P
670 1455 712 1488 et
747 1463 885 1490 canon
916 1447 1222 1507 Augustinus:
1263 1449 1449 1506 Propter
1469 1458 1655 1506 peccata
1685 1452 1842 1507 populi

346 1519 479 1560 datur
514 1519 754 1577 aliquando
789 1520 931 1560 malus
957 1523 1164 1577 princeps
1215 1529 1255 1561 et
1299 1520 1442 1561 malus
1465 1521 1682 1578 prelatus,
1727 1536 1838 1578 quo·
1879 1527 1882 1530 ’

348 1590 466 1631 niam
488 1590 681 1648 populus
709 1606 798 1632 non
825 1599 892 1632 est
920 1590 1080 1650 dignus
1109 1591 1272 1632 habere
1295 1591 1459 1633 bonum
1482 1591 1729 1649 principem
1758 1608 1838 1634 nec

347 1662 514 1703 bonum
530 1661 765 1719 prelatum.
795 1662 957 1704 Eadem
980 1663 1149 1704 ratione
1170 1662 1327 1704 timere
1357 1662 1520 1704 debent
1549 1663 1773 1721 principes
1796 1671 1838 1705 et

346 1732 520 1790 prelati,
548 1749 601 1775 ne
619 1742 802 1791 propter
823 1750 901 1776 sua
927 1742 1106 1792 peccata
1129 1733 1321 1792 populus
1343 1734 1416 1775 fiat
1444 1733 1600 1783 malus,
1626 1742 1669 1776 et
1689 1734 1836 1776 insur-

346 1813 419 1862 gat
440 1805 484 1846 in
507 1805 702 1847 eosdem.
735 1805 933 1860 Quilibet
960 1805 1092 1847 debet
1118 1806 1313 1863 seipsum
1347 1821 1568 1855 accusare,
1598 1821 1686 1846 non
1704 1806 1836 1863 justi-

345 1875 490 1920 ficare.

408 2017 524 2063 112.
557 2018 605 2060 Si
633 2017 838 2059 dominus
866 2033 978 2075 papa
1000 2017 1044 2059 in
1071 2017 1209 2076 regno
1227 2018 1498 2060 Francorum
1520 2016 1595 2059 diu
1619 2032 1835 2059 remanse-

345 2090 417 2140 rit,
435 2089 672 2131 verisimile
700 2097 766 2131 est
788 2088 908 2146 quod
930 2088 983 2130 de
1004 2089 1101 2146 ipso
1119 2104 1258 2148 regno
1278 2097 1344 2130 tot
1365 2089 1532 2130 creabit
1553 2088 1795 2130 cardinales
1805 2087 1832 2138 ³,

347 2161 466 2219 quod
497 2169 683 2219 papatus
712 2160 829 2218 apud
851 2176 924 2202 eos
959 2176 1191 2201 remanens
1220 2176 1375 2202 manus
1411 2160 1637 2217 rapinosas
1664 2167 1835 2202 tantum

347 2232 530 2291 effugiet
554 2234 854 2275 Romanorum
875 2250 883 2283 ;
904 2231 1024 2289 quod
1045 2231 1152 2288 ipsis
1165 2232 1297 2288 hujus
1314 2231 1377 2272 rei
1391 2247 1521 2273 causa
1539 2231 1837 2273 verisimiliter

345 2304 590 2361 apparebit,
617 2312 663 2345 ut
679 2303 723 2344 in
746 2314 972 2361 posterum
992 2310 1209 2360 perpetuo
1223 2302 1429 2344 studeant
1448 2303 1691 2345 alienarum
1707 2302 1835 2344 liber-

343 2383 480 2417 tatum
506 2375 681 2432 rapinas
708 2375 880 2424 vittare,
911 2390 965 2416 ne
993 2373 1100 2432 quid
1128 2373 1321 2416 deterius
1343 2374 1568 2432 contingat
1595 2373 1777 2415 eisdem.

394 2531 427 2562 1.
458 2529 686 2569 Psalm.,11,
712 2531 746 2564 9.

395 2578 428 2610 2.
459 2575 544 2616 J0b‚
568 2576 736 2617 XXXIV,
759 2577 816 2611 30.

391 2626 423 2658 3.
453 2624 624 2657 Clemeut
645 2624 676 2658 V
708 2624 821 2658 suivit
853 2636 960 2657 assez
994 2623 1080 2657 bien
1103 2635 1143 2656 ce
1169 2623 1338 2656 conseil:
1363 2623 1457 2656 dans
1489 2622 1543 2655 les
1565 2621 1660 2655 trois
1682 2633 1836 2666 promo-

344 2672 444 2705 tions
466 2672 511 2704 de
531 2671 735 2705 cardiuaux
770 2671 859 2717 qu'il
891 2672 932 2705 fit
953 2683 998 2704 en
1032 2671 1134 2710 1305,
1170 2672 1260 2705 1310
1283 2677 1319 2704 et
1341 2672 1444 2708 1312,
1469 2669 1493 2703 il
1528 2670 1611 2702 cre'a
1635 2669 1838 2713 vingt-huit

345 2719 560 2758 cardinaux,
586 2719 678 2753 dont
699 2719 915 2765 vingt-cinq
940 2719 1118 2762 fraucais.
1142 2718 1269 2762 Voyez
1288 2719 1342 2751 les
1371 2717 1478 2751 listes
1506 2717 1675 2750 donnees
1698 2730 1765 2762 par
1784 2717 1835 2750 M.

345 2767 533 2806 Souchon,
552 2766 618 2799 Die
635 2765 899 2815 Papstwahlen
924 2778 987 2801 von
1008 2766 1167 2812 Bonifaz
1196 2766 1283 2800 VIII
1300 2765 1357 2799 bis
1375 2764 1499 2801 [It-ban
1523 2765 1578 2804 Vl,
1598 2765 1834 2806 Brunmvick,

344 2816 447 2854 1888,
472 2815 584 2850 iil-8⁰.
