1942 3242
431 227 490 258 DE
522 223 941 258 RECUPERATIONE
975 223 1144 254 TERRE
1178 222 1378 253 SANCTE.
1604 221 1641 252 37

149 317 362 366 tabernis,
410 315 712 374 lupanaribus,
761 313 904 363 furtis,
959 312 1142 370 rapinis,
1194 310 1422 369 symoniis‚
1464 319 1507 352 et
1544 310 1642 352 aliis

151 388 344 440 illicitis;
369 395 566 429 errantes
594 386 707 428 sicut
727 385 802 444 qui
825 392 1016 443 querunt
1036 383 1181 442 pisces
1199 383 1245 424 in
1267 382 1506 432 montibus,
1531 381 1643 424 feras

150 460 195 503 in
223 459 346 502 mari.
373 459 460 514 Qui
486 459 604 501 hunc
638 457 769 499 finem
796 456 942 514 querit
974 455 1050 497 ubi
1077 463 1158 504 est,
1188 454 1383 505 invenit3
1415 453 1532 495 unde
1568 454 1640 511 qui

150 531 336 591 perfecti
376 538 478 573 sunt
518 546 594 572 seu
625 545 720 571 esse
757 528 922 570 debent
964 527 1079 569 inter
1115 525 1333 575 homines,
1379 533 1426 567 ut
1465 525 1639 583 prelati,

151 619 336 662 querere
364 602 528 644 debent
553 602 672 644 hunc
698 600 830 642 finem
857 614 945 640 non
974 598 1018 640 in
1046 597 1191 647 bellis,
1229 613 1317 639 non
1350 597 1395 638 in
1422 596 1574 638 litibus
1602 605 1644 638 et

149 674 385 717 discordiis
413 673 646 732 presertim
674 671 962 720 secularibus,
994 669 1071 711 sed
1093 670 1138 711 in
1159 669 1350 710 lectione
1379 676 1422 710 et
1443 667 1641 710 doctrina

150 746 296 788 divine
321 745 566 804 Scripture,
590 744 636 786 in
657 743 933 785 orationibus
956 749 998 783 et
1014 741 1267 800 agibilibus,
1285 756 1370 798 que
1387 740 1440 782 ad
1462 739 1643 782 activam

148 818 279 860 vitam
299 817 539 876 pertinent,
559 824 606 858 ut
623 815 754 857 vitam
777 814 938 856 ducant
958 813 1095 855 Marie
1116 820 1158 854 et
1174 812 1370 863 Marthe;
1391 811 1644 853 felicitatem

149 888 530 947 contemplativam
552 895 595 929 et
621 886 808 936 civilem,
839 893 886 927 ut
913 893 1010 926 utar
1031 884 1176 926 verbis
1193 882 1470 941 Philosophi,
1493 898 1643 924 conse-

150 969 355 1019 quantur.
383 959 431 1003 Si
458 959 512 1001 ad
537 945 756 1001 seculares
778 956 1020 999 discordias
1047 963 1090 997 et
1116 956 1428 1013 occupationes
1456 962 1645 996 retroce-

149 1032 254 1074 dere
275 1032 487 1082 nitantur,
511 1030 738 1089 premissis
760 1029 1002 1078 obviantes,
1029 1027 1116 1070 dici
1131 1027 1296 1085 poterit
1317 1026 1404 1068 illis
1421 1034 1463 1067 et
1478 1026 1644 1084 opponi

148 1104 329 1146 verbum
367 1102 604 1146 Salvatoris
643 1109 826 1160 propter
869 1099 978 1142 tales
1017 1098 1264 1157 prolatum:
1307 1098 1441 1142 Nemo
1473 1103 1646 1141 mittens

149 1192 325 1218 manum
340 1176 403 1217 acl
420 1184 625 1216 aratrum
649 1184 690 1216 et
710 1176 944 1231 respiciens
967 1181 1100 1222 retro,
1125 1180 1251 1228 aptas
1273 1180 1336 1212 est
1360 1185 1494 1227 regno
1516 1170 1615 1211 Dei¹
1633 1203 1640 1211 .

208 1323 389 1373 [XXVIII]
428 1317 516 1363 47.
545 1317 675 1371 Quod
695 1317 777 1359 hec
798 1315 990 1374 provisio
1013 1315 1069 1357 sit
1090 1315 1253 1373 optima
1287 1314 1529 1356 secundum
1558 1313 1642 1356 Dei

150 1390 466 1448 omnipotentis
495 1389 835 1438 ordinationem,
868 1390 993 1446 eujus
1023 1390 1151 1436 actio,
1184 1386 1426 1428 secundum
1454 1385 1644 1444 Aposto-

151 1462 256 1512 lum,
293 1471 446 1503 noscra
481 1461 606 1503 debet
639 1476 732 1502 esse
765 1462 1006 1511 instructio,
1040 1458 1213 1499 videtur
1241 1457 1646 1499 inconvincibiliter

150 1533 328 1592 probari
350 1549 496 1591 posse.
525 1534 738 1590 Suppono
766 1531 885 1589 quod
907 1547 956 1573 ea
984 1546 1069 1588 que
1097 1529 1259 1587 scripta
1291 1537 1393 1571 sunt
1419 1529 1465 1571 in
1492 1528 1643 1573 Veteri

151 1606 432 1647 Testamento
454 1612 556 1646 sunt
577 1603 715 1663 figura
743 1611 785 1644 et
807 1602 1029 1660 exemplar
1051 1601 1176 1645 Novi.

211 1678 334 1726 Item,
361 1691 563 1734 suppono
586 1674 705 1733 quod
732 1674 946 1717 Dominus
970 1675 1149 1716 Terram
1173 1673 1494 1731 promissionis,
1518 1688 1646 1730 quam

152 1749 357 1792 Sanctam
385 1749 564 1790 Terram
592 1746 879 1805 appellamus,
916 1745 1016 1803 quia
1048 1761 1127 1802 per
1158 1744 1338 1787 Domini
1371 1743 1646 1802 presenciam

151 1829 194 1862 et
225 1830 366 1878 'opera
411 1835 579 1877 suoque
614 1818 828 1877 sanguine
874 1816 1207 1866 sanctificatam,
1257 1815 1380 1857 dedit
1432 1815 1646 1858 Dominus

152 1891 383 1934 duodecim
398 1891 603 1933 tribubus
619 1889 809 1931 filiorum
826 1888 977 1938 Israel,
997 1888 1098 1946 quia
1117 1887 1203 1930 sibi
1218 1887 1482 1942 serviebant,
1502 1886 1645 1945 legem

152 1965 246 2022 ejus
267 1971 310 2005 et
331 1962 533 2004 mandata
560 1962 772 2004 tenebant
799 1968 842 2002 et
863 1959 1097 2002 docebant.

212 2036 320 2076 Item
342 2049 544 2092 suppono
572 2032 691 2091 quod
714 2032 856 2091 legem
878 2032 991 2073 hanc
1018 2031 1155 2090 magis
1183 2030 1400 2073 intensius
1428 2030 1646 2072 docebant

153 2115 196 2149 et
240 2106 466 2155 tenebant,
515 2113 557 2146 et
604 2106 697 2146 Deo
738 2103 987 2145 serviebant
1029 2102 1108 2144 filii
1146 2102 1262 2152 Levi,
1307 2101 1557 2144 sacerdotes
1604 2109 1646 2143 et

155 2178 319 2227 Levite,
345 2193 474 2235 quam
497 2176 594 2227 alii3
626 2184 668 2217 et
688 2183 834 2217 tamen
856 2174 1070 2216 Dominus
1100 2174 1237 2216 voluit
1259 2173 1378 2232 quod
1400 2189 1487 2215 non
1509 2173 1645 2214 habe-

155 2258 253 2292 rent
281 2256 443 2291 sortem
466 2248 509 2289 in
537 2247 752 2289 divisione
773 2246 904 2304 hujus
931 2245 1205 2295 hereditatis,
1235 2245 1488 2303 precipiens
1516 2246 1645 2287 Josue

155 2321 274 2380 quod
308 2336 401 2362 eam
436 2318 651 2361 divideret
686 2319 801 2360 inter
831 2316 1036 2359 undecim
1069 2317 1228 2366 tribus,
1269 2325 1311 2358 et
1351 2315 1469 2374 quod
1501 2316 1644 2358 tribus

155 2393 272 2442 Levi,
298 2393 391 2450 ejus
420 2390 604 2432 servicio
625 2389 929 2448 principaliter
959 2388 1182 2446 deputata,
1218 2388 1400 2430 decimis
1428 2387 1646 2429 fructuum

154 2465 335 2507 aliarum
357 2463 551 2505 tribuum
582 2469 698 2504 esset
725 2469 931 2502 contenta
953 2478 962 2511 ;
987 2468 1030 2502 et
1056 2460 1156 2510 hoc,
1182 2476 1236 2502 ne
1259 2468 1440 2518 propter
1462 2475 1646 2517 occupa-

154 2536 318 2578 tionem
354 2535 524 2576 culture
558 2542 775 2575 terrarum
816 2532 1136 2591 impedirentur
1167 2540 1209 2573 et
1261 2539 1572 2574 revocarentur
1624 2547 1644 2572 a

155 2606 316 2649 divinis
343 2605 514 2649 officiis.

207 2833 239 2869 1.
270 2831 360 2873 Luc,
382 2831 444 2873 lx,
468 2833 525 2869 62.
