1942 3242
396 214 454 248 DE
484 211 899 247 RECUPERATIONE
930 211 1092 244 TERRE
1123 210 1324 243 SANCTE.
1360 240 1365 244 .
1567 210 1604 242 51

118 306 164 349 in
187 305 389 364 cerurgia
404 312 491 347 tam
506 303 734 346 hominum
756 318 885 361 quam
904 317 1134 360 equorum,
1158 317 1238 360 per
1259 316 1368 359 quos
1397 299 1609 342 exercitui

117 377 288 436 totique
314 376 480 435 populo
501 375 732 433 utriusque
753 390 881 416 sexus
909 373 1074 432 poterit
1101 372 1341 415 subveniri.

177 451 388 503 [xxxvln]
422 446 573 490 Puelle
603 447 648 488 in
680 445 897 488 medicina
924 454 968 487 et
989 444 1192 503 oerurgia
1218 460 1315 486 cum
1346 442 1607 485 anteceden-
1629 461 1656 483 et
1686 455 1878 491 specialement

117 519 238 562 tibus
270 518 327 563 ad
363 519 445 561 hec
487 518 774 560 neccessariis
812 517 1112 567 instruantur3
1155 516 1238 557 iste
1278 515 1340 556 sic
1375 515 1606 564 instructe,

120 590 316 632 scribere
342 590 548 638 scientes,
574 589 903 647 adoptabuntur
923 588 968 629 in
998 587 1109 629 filias
1131 595 1174 629 et
1201 595 1372 645 neptes,
1406 585 1612 628 videlicet

120 661 295 703 nobiles
316 669 361 703 et
379 661 465 704 alie
485 659 813 720 prudentioreS‚
832 667 932 717 apte
949 659 1211 716 corporibus
1233 666 1277 700 et
1294 657 1462 708 formis,
1482 658 1612 715 majo-

122 748 218 775 rum
238 733 490 791 principum
513 732 743 792 regionum
771 746 963 780 suarum,
999 732 1134 773 Terre
1170 731 1331 775 Sancte
1361 737 1404 771 et
1431 729 1614 770 aliarum

122 804 433 862 proximarum,
463 811 511 845 ut
529 803 841 845 convenienter
867 802 1040 860 possint
1062 801 1301 859 majoribus
1316 801 1611 859 principibus,

123 874 312 926 clericis,
343 883 386 917 et
413 873 509 916 aliis
541 874 778 928 ditioribus
805 873 1108 916 Orientalibus
1142 873 1188 914 in
1215 888 1373 914 uxores
1402 871 1522 919 dari;
1553 871 1616 913 sic

123 954 277 989 ornate
302 945 357 988 ad
383 946 604 1004 impensas
641 945 758 989 dicte
782 944 1048 1004 provisionis
1083 944 1202 1002 quod
1236 943 1472 986 credantur
1498 943 1616 1001 prin-

125 1017 271 1075 cipum
293 1017 380 1059 filie
397 1033 538 1075 3‘quas
560 1017 781 1074 impensas
797 1016 997 1058 maritate
1010 1015 1250 1073 majoribus
1263 1016 1394 1057 etiam
1413 1015 1616 1057 omnibus

126 1089 388 1146 promittant
404 1088 589 1130 reddere
602 1088 812 1139 viventes,
832 1087 868 1130 si
882 1095 1107 1146 poterunt,
1133 1087 1376 1145 provisioni
1396 1087 1615 1144 predicte;

123 1167 167 1202 et
193 1161 230 1202 si
256 1175 360 1210 non,
385 1159 451 1202 vel
473 1160 678 1218 quatinus
700 1174 789 1201 non
812 1159 1050 1201 morientes
1072 1160 1196 1214 (sic),
1228 1167 1275 1200 ut
1301 1158 1494 1216 provisio
1522 1158 1616 1200 sine

123 1246 326 1273 mensura
347 1231 494 1273 taliter
515 1239 740 1290 augeatur.
774 1230 1013 1288 Expediret
1039 1229 1223 1272 multum
1247 1230 1440 1288 prelatos
1463 1238 1506 1271 et
1533 1229 1616 1271 cle·

123 1303 238 1344 ricos
252 1303 489 1344 orientales
512 1302 587 1360 qui
615 1317 772 1344 uxores
788 1302 968 1351 habent,
992 1310 1035 1344 et
1058 1302 1133 1359 qui
1154 1301 1371 1343 beneficio
1393 1301 1616 1342 matrimo-

124 1373 317 1416 niorum¹
342 1389 439 1415 cum
457 1373 664 1416 Romanis
686 1381 728 1414 et
753 1372 849 1414 aliis
869 1373 1218 1415 occidentalibus
1240 1373 1501 1415 renunciare
1536 1373 1616 1415 mi-

125 1444 241 1487 nime
257 1445 506 1494 voluerunt,
531 1444 640 1486 tales
661 1460 819 1486 uxores
841 1444 1005 1486 habere
1025 1462 1033 1495 ;
1065 1460 1144 1502 per
1172 1460 1279 1502 quas
1299 1445 1360 1486 sic
1382 1444 1613 1494 litteratas,

124 1515 333 1558 articulos
354 1524 397 1558 et
418 1523 686 1557 sacramenta
706 1531 828 1556 more
849 1531 1030 1557 romano
1054 1515 1302 1562 credentes,
1327 1515 1492 1557 liberos
1514 1531 1616 1557 suos

124 1595 167 1628 et
200 1587 379 1629 maritos
415 1586 469 1629 ad
501 1587 563 1628 sic
594 1586 852 1636 tenendum,
892 1586 1179 1637 credendum,
1211 1595 1255 1629 et
1281 1586 1616 1629 sacrificandum

123 1658 403 1717 contingeret
430 1657 816 1714 informari'longe
843 1657 1110 1701 forcioribus
1143 1658 1388 1700 rationibus
1419 1667 1462 1700 et
1489 1674 1615 1700 occa-

172 1868 206 1900 1.
234 1865 381 1900 Dubois
403 1866 494 1900 etait
522 1879 570 1899 un
592 1866 808 1900 adversaire
832 1865 982 1900 declare
1013 1866 1080 1900 des
1108 1877 1213 1899 voeux
1236 1866 1280 1900 de
1301 1866 1523 1900 continence
1546 1867 1615 1901 im-

126 1914 238 1959 poses
257 1927 303 1947 au
324 1914 462 1959 cler-ge.
487 1914 539 1948 Le
562 1926 723 1960 passage
745 1914 794 1947 du
813 1915 863 1947 De
884 1912 1136 1947 abreviatione
1163 1915 1212 1947 ou
1233 1913 1258 1947 il
1281 1926 1420 1959 expose
1443 1926 1503 1948 ses
1525 1927 1616 1948 vues

125 1962 145 1994 a
165 1972 206 1994 ce
228 1962 326 2007 sujet
347 1961 478 1995 merite
501 1962 616 1995 d'etre
638 1962 818 2006 rapporte
833 1961 881 1994 ici
900 1961 1192 2006 integralement
1208 1961 1290 2007 (fol.
1310 1963 1353 1996 29
1366 1962 1424 2007 νῦ)
1441 1975 1447 1995 t
1465 1962 1616 2008 «Apos-

124 2007 223 2041 tolus
245 2009 354 2042 dicit:
382 2008 643 2055 Unusquisque
677 2020 786 2042 suam
808 2007 947 2042 haheat
974 2020 1124 2042 uxorem
1149 2015 1302 2056 propter
1326 2009 1615 2054 fornicacionem

125 2054 350 2096 evitandam,
374 2055 428 2090 sic
445 2061 546 2089 caste
568 2055 727 2090 vivendo.
746 2055 954 2101 Apostolus
978 2056 1121 2089 nullum
1143 2057 1279 2102 excipit
1295 2069 1376 2090 cum
1397 2057 1486 2091 dicit
1502 2070 1618 2091 unus-

127 2103 286 2150 quisque
308 2103 394 2149 quia
416 2103 479 2149 qui
501 2115 603 2137 omne
635 2103 725 2137 dicit
750 2103 803 2137 sic
832 2103 992 2137 dicendo
1023 2103 1138 2137 nichil
1154 2105 1304 2150 excipit.
1336 2104 1461 2138 Sancti
1485 2105 1616 2139 Patres

127 2150 190 2196 qui
210 2162 320 2184 senes
343 2157 450 2184 erant
470 2151 527 2185 vel
549 2150 731 2197 decrepiti
752 2151 893 2196 plures,
913 2150 1051 2197 quibus
1069 2164 1145 2185 non
1163 2159 1243 2186 erat
1263 2152 1359 2185 forte
1376 2152 1528 2186 difficile
1545 2153 1617 2186 for-

127 2197 359 2232 nicacionem
382 2198 511 2244 fugere
530 2204 566 2232 et
581 2197 628 2232 ab
644 2198 745 2232 omui
761 2200 954 2232 consortio
971 2199 1169 2232 mulierum
1190 2198 1395 2239 abstinere,
1414 2200 1590 2234 dixerunt
1608 2213 1613 2233 :

127 2258 146 2277 «
170 2245 392 2291 Perpetuam
421 2246 690 2279 continentiam
722 2258 914 2284 vovemus,
951 2253 986 2280 et
1020 2247 1220 2280 statuimus
1251 2258 1382 2280 omnes
1411 2248 1456 2280 ad
1487 2260 1616 2282 sacros

127 2293 282 2327 ordines
301 2294 580 2339 promovendos
602 2293 723 2327 simile
744 2300 871 2327 votum
893 2294 1060 2328 facturos
1082 2300 1119 2327 et
1139 2300 1404 2328 servaturos».
1431 2294 1508 2328 Sub
1522 2308 1615 2341 pena

128 2340 271 2386 peccati
302 2341 472 2374 mortalis
502 2353 696 2374 sacrorum
723 2341 899 2375 ordinum
933 2342 1199 2387 receptionem,
1239 2342 1479 2387 adeptionem
1511 2349 1618 2376 uten-

127 2387 230 2422 tibus
252 2388 446 2422 consortio
465 2387 667 2434 conjugum
689 2388 977 2434 prohibuerunt,
1001 2389 1096 2422 tales
1117 2389 1372 2435 repulserunt.
1397 2389 1438 2423 In
1461 2391 1616 2424 veritate

128 2434 391 2479 fornicatores,
426 2435 620 2470 adulteros
652 2441 688 2470 et
720 2436 961 2470 incestuosos
995 2437 1150 2470 silentes
1186 2436 1389 2483 verbisque
1423 2450 1462 2471 se
1502 2438 1618 2483 profi-

128 2489 251 2516 tentes
272 2483 524 2522 continentes,
556 2482 644 2517 licet
670 2483 750 2517 suis
780 2484 889 2518 factis
916 2485 1145 2518 contrarium
1174 2485 1434 2522 ostendentes,
1467 2485 1617 2519 simula-

128 2530 267 2564 tionem
298 2536 334 2564 et
366 2530 572 2577 ypocrisim
604 2531 886 2576 amplectantes,
922 2544 996 2565 non
1030 2538 1217 2565 recusant.
1246 2532 1338 2565 Ymo
1371 2533 1462 2566 satis
1495 2533 1618 2567 sciunt

130 2577 242 2612 hodie
276 2578 410 2623 prelati
438 2579 537 2624 quod
566 2578 640 2623 ipsi
669 2578 888 2624 plerumque
917 2579 1012 2612 tales
1046 2579 1260 2613 admittunt.
1297 2579 1419 2613 Hodie
1447 2580 1616 2614 videmus

130 2625 230 2671 quod
265 2637 396 2659 omnes
428 2626 591 2671 promoti
627 2626 897 2659 continentiam
931 2632 1068 2660 vovent
1097 2634 1132 2660 et
1171 2627 1368 2672 predicant
1402 2629 1614 2666 tenendam,

133 2672 240 2716 pauci
258 2678 380 2706 tamen
400 2679 528 2707 tenent
549 2679 584 2706 et
605 2672 808 2706 observant
829 2674 1009 2709 eamdem.
1026 2679 1064 2707 ut
1083 2674 1158 2707 sint
1173 2680 1209 2707 et
1231 2687 1270 2708 se
1292 2675 1450 2708 doceant
1468 2675 1548 2709 fore
1572 2677 1616 2709 de

131 2717 207 2752 illis
230 2720 274 2754 de
302 2719 440 2766 quibus
472 2721 624 2766 loqutus
655 2726 712 2753 est
741 2720 949 2755 Dominus:
979 2723 1098 2768 Super
1118 2720 1336 2755 cathedram
1363 2723 1485 2768 Moysi
1510 2721 1616 2756 sede-

131 2771 230 2806 runt,
251 2772 307 2801 etc
311 2793 384 2801 .....
406 2767 570 2813 Experto
593 2768 702 2801 crede
719 2768 913 2813 magistro,
937 2768 1034 2802 sicut
1055 2774 1143 2802 sunt
1164 2769 1276 2802 hodie
1298 2769 1560 2803 predicatores
1581 2775 1617 2803 et

133 2813 302 2847 Minores
324 2815 387 2860 qui
407 2827 472 2860 pre
495 2815 580 2849 aliis
598 2815 728 2849 muudi
750 2821 888 2849 statum
909 2815 947 2849 in
975 2814 1110 2850 diebus
1136 2816 1279 2850 nostris
1307 2823 1565 2863 coguoverunt
1580 2829 1614 2851 ».

1666 492 1698 518 de
1715 491 1877 526 l'enseigne-

1665 533 1739 555 ment
1756 528 1804 555 des
1818 528 1878 563 jeu-

1667 573 1714 591 nes
1728 564 1806 591 [illes.
