1942 3242
45 304 213 341 Repdtiteurs
226 303 293 330 indi-

121 342 203 375 genas
208 360 214 366 .

48 1374 187 1403 Exercices
203 1382 296 1411 corpo-

140 1411 204 1439 rels.

46 1661 294 1724 A¹3232¹253⁵³⁵³⁸5

81 1732 186 1769 nique's.
208 1706 266 1724 mec

312 202 351 236 68
852 199 1041 241 PIERRE
1071 197 1263 231 nuncls.

372 295 447 345 [LI]
476 290 558 337 83.
585 293 634 334 In
650 290 850 349 quolibet
863 305 966 331 vero
987 288 1132 331 studio
1151 287 1416 346 provisionis
1430 287 1578 346 hujus,
1600 287 1805 347 expediet

312 363 503 405 retinere
525 362 695 420 aliquos
711 362 786 420 qui
808 361 977 403 debiles
1018 368 1165 402 essent
1198 359 1252 401 ad
1283 358 1689 411 transffretandum,
1711 360 1801 418 qui,

311 442 442 492 prout
453 434 692 492 perfectius
711 433 807 475 fieri
819 432 997 491 poterit,
1018 431 1133 473 ultra
1147 430 1325 473 modum
1346 431 1642 488 prescriptum
1660 430 1806 473 edocti

313 505 423 548 alios
452 505 655 556 doceant,
687 513 729 546 et
769 503 944 546 demum
971 503 1077 545 fiant
1105 502 1321 560 capellani
1348 501 1610 544 studiorum.
1642 502 1806 545 Multos

313 577 518 619 doctores
543 592 715 636 grecos,
745 575 960 626 arabicos,
992 574 1184 624 caldeos,
1216 582 1259 615 et
1287 574 1348 615 sic
1372 573 1424 615 de
1453 573 1549 615 aliis
1571 573 1806 632 ydiomati-

313 649 410 699 bus,
441 657 574 706 prout
598 647 737 706 magis
765 646 1043 688 conferentes
1073 645 1326 696 credentur,
1358 644 1562 703 expediet
1602 661 1804 703 querere,

310 718 408 778 pro'
435 719 698 761 instruendo
731 719 777 760 in
818 718 982 777 linguis
1016 733 1167 759 eorum
1200 716 1406 758 litteratis
1433 724 1604 758 tantum
1632 716 1808 774 sapien-

311 791 447 833 tiores
483 798 675 841 nostros,
723 798 765 832 et
804 789 912 831 alios
955 789 1114 847 quibus
1156 786 1342 830 sufficiet
1376 787 1518 829 minus
1553 787 1731 830 studere
1762 788 1807 830 in

312 862 517 905 litteratis
557 870 600 904 et
638 861 875 913 maternis3
912 869 974 911 ut,
1006 868 1216 918 quantum
1243 858 1298 901 ad
1324 874 1411 900 non
1446 859 1678 910 litteratos,
1715 858 1808 901 fore

314 934 485 993 possint
534 934 800 992 interpretes
849 947 1114 974 sermonum.
1161 931 1344 981 Estimo‚
1389 931 1502 987 sicut
1557 930 1674 989 apud
1727 946 1807 972 nos

317 1006 498 1048 Latinos
518 1005 717 1047 videmus
745 1004 826 1046 sub
849 1003 1047 1062 quolibet
1074 1003 1319 1045 litterarum
1346 1001 1567 1060 ydiomate
1590 1001 1808 1044 contineri

316 1077 486 1119 diversa
507 1084 702 1118 materna
733 1075 952 1134 langagia‚
985 1091 1170 1133 quorum
1204 1073 1492 1124 communius,
1528 1082 1659 1131 prout
1692 1073 1808 1132 apud

316 1149 494 1191 Latinos
520 1156 586 1190 est
615 1147 837 1207 gallicum,
869 1146 1098 1189 addiscere
1127 1144 1354 1204 expediret
1382 1144 1444 1186 eis
1466 1145 1542 1203 qui
1562 1144 1616 1186 ad
1638 1144 1808 1187 diversa

316 1219 575 1262 discendum
603 1218 804 1265 sufficere
832 1234 921 1260 non
949 1217 1204 1260 creduntur.

375 1366 470 1417 [LII]
511 1361 592 1407 84.
633 1360 849 1419 Expediet
882 1359 1073 1402 scolares
1119 1359 1249 1416 hujus
1289 1358 1570 1417 provisioni5‚
1603 1357 1810 1400 videlicet

315 1434 604 1484 robustiores,
636 1433 795 1475 instrui
830 1432 874 1473 in
897 1439 988 1473 arte
1016 1430 1219 1483 militari3
1242 1439 1284 1472 et
1311 1430 1435 1480 alios,
1458 1429 1533 1488 qui
1554 1429 1686 1472 rudes
1704 1445 1826 1488 pro--

315 1522 440 1548 cessu
467 1505 680 1563 temporis
699 1503 978 1562 reperientur
1005 1503 1050 1544 in
1072 1502 1271 1545 doctrina
1288 1502 1549 1551 litterarum,
1574 1502 1618 1544 in
1640 1501 1807 1543 artibus

315 1577 564 1626 mecanicis,
595 1592 674 1634 pre
702 1575 860 1617 ceteris
883 1574 1232 1616 deservientibus
1260 1574 1342 1615 arti.
1369 1573 1562 1623 militari,
1593 1573 1706 1615 sicut
1742 1580 1808 1614 est

315 1665 384 1691 ars
412 1647 581 1690 fabrilis
612 1655 654 1689 et
688 1646 989 1704 carpentaria3
1026 1653 1073 1687 ut
1109 1645 1169 1687 ait
1202 1644 1524 1702 Philosophus:
1564 1643 1652 1686 Ars
1693 1644 1807 1686 mili-

316 1723 427 1762 tar-is
454 1720 648 1762 omnibns
676 1721 907 1760 mecanicae
935 1717 1100 1758 artibus
1125 1726 1188 1758 est
1208 1717 1407 1769 nobilior,
1430 1725 1620 1774 propter
1646 1715 1805 1757 nobili-

316 1802 447 1834 tatem
474 1791 594 1848 sinis,
634 1793 709 1849 qui
741 1799 805 1832 est
831 1805 940 1847 pax,
982 1789 1046 1830 ad·
1074 1804 1194 1847 quem
1228 1789 1375 1830 tendit.
1410 1787 1490 1830 Cui
1518 1787 1600 1828 arti
1628 1786 1806 1828 militari

315 1879 392 1921 pre
416 1863 511 1905 aliis
533 1861 724 1904 deservit
751 1877 819 1903 ars
844 1860 1012 1902 fabrilis
1050 1875 1268 1901 armorum
1303 1858 1472 1907 factiva,
1510 1867 1553 1900 et
1584 1857 1802 1908 similiter,

315 1943 360 1976 ut
390 1934 577 1984 videtur,
609 1932 911 1991 carpentaria3
949 1931 1156 1989 quoniam
1191 1931 1286 1989 ipse
1320 1930 1530 1988 precipue
1568 1937 1668 1989 eget
1711 1928 1806 1971 istis

317 2005 484 2048 duabus
506 2005 689 2047 artibus.

373 2076 589 2135 Expediet
613 2076 743 2118 etiam
777 2074 947 2133 aliquos
978 2075 1161 2116 istorum
1198 2075 1357 2116 instrui
1395 2072 1637 2116 secundum
1677 2072 1805 2115 docu-

313 2157 456 2191 menta
478 2148 618 2190 libelli
639 2147 829 2206 predicti
868 2148 931 2188 De
952 2146 1209 2188 utilitatibus
1247 2146 1650 2188 matleematz'carum
1698 2160 1805 2186 con-

313 2220 431 2270 fecti,
463 2220 508 2262 in
538 2219 803 2261 factionibus
824 2218 1043 2260 variorum
1076 2218 1487 2266 instrumentorum,
1530 2225 1577 2258 ut
1607 2215 1804 2274 speculo·

313 2307 407 2333 rum
448 2290 695 2333 ardentium
725 2298 768 2331 et
804 2289 1051 2347 aliquorum
1096 2289 1489 2330 instrumentorum
1526 2287 1580 2329 ad
1623 2302 1805 2346 guerras

312 2363 501 2413 utilium,
537 2370 669 2420 prout
703 2360 944 2403 secundum
985 2359 1283 2418 perspectivas
1317 2359 1723 2401 mathematicarum
1763 2365 1806 2400 et

313 2434 572 2476 naturalium
603 2433 893 2475 scienciarum
920 2431 1016 2473 fieri
1043 2431 1231 2490 poterit;
1281 2430 1520 2487 secundum
1555 2446 1661 2488 quas
1689 2437 1804 2471 artes

313 2506 448 2547 multa
469 2513 571 2547 sunt
591 2504 818 2562 possibilia
838 2503 931 2545 fieri
961 2519 1044 2560 que
1067 2519 1156 2544 non
1178 2510 1279 2544 sunt
1314 2511 1414 2544 nota
1444 2503 1487 2544 in
1508 2501 1593 2543 hiis
1616 2500 1803 2559 regioni-

313 2577 394 2619 bus
419 2576 676 2619 Occidentis
692 2574 718 2617 ¹.

361 2756 394 2789 1.
413 2755 472 2789 Cf.
495 2754 538 2789 E.
563 2753 735 2794 Char-les,
756 2764 817 2801 op.
841 2754 917 2793 cit„
943 2764 979 2799 p.
1004 2753 1071 2788 293
1093 2758 1129 2787 et
1148 2751 1242 2787 suiv.
1265 2772 1311 2779 —
1333 2749 1480 2787 Dubois
1494 2764 1533 2786 se
1550 2750 1664 2786 laisse
1679 2751 1726 2787 ici
1740 2750 1800 2787 se·

315 2803 420 2836 duire
442 2815 511 2849 par
532 2802 587 2835 les
610 2802 794 2835 chimeres
818 2801 1077 2847 scientifiques
1095 2802 1139 2835 de
1153 2801 1279 2835 Bacon
1297 2801 1359 2847 qui
1376 2813 1394 2834 a
1418 2799 1513 2834 mele}
1536 2801 1601 2834 des
1620 2813 1800 2846 pressen-
