1942 3242
157 319 292 357 Reponse.

368 216 408 252 78
912 216 1097 253 PIERRE
1126 218 1317 254 DUBOIS.

426 309 494 352 Ad
513 309 600 352 hoc
617 317 763 367 potest
783 308 1109 367 multiphariam
1131 311 1392 368 responderi
1413 312 1532 370 quod
1553 313 1740 371 quedam
1757 314 1856 372 jura

365 380 526 423 docent
562 380 662 423 lites
694 380 928 433 decidere3
971 389 1014 423 et
1051 382 1133 423 hec
1166 398 1255 424 non
1295 391 1534 434 mutantur,
1582 400 1664 427 nec
1703 401 1855 428 eorum

364 460 559 510 potestas
587 460 630 494 et
656 452 822 494 utilitas
846 451 1016 495 tollitur
1037 469 1116 511 per
1143 453 1256 495 hanc
1283 454 1595 512 provisionem.

425 523 514 567 Sed
541 523 623 566 alia
651 525 765 581 jura,
809 540 894 582 que
932 524 1122 567 tendunt
1158 524 1211 566 ad
1248 525 1390 567 litium
1424 526 1747 569 ordinationem
1769 544 1855 587 que

364 604 464 638 sunt
497 604 681 654 propter
708 595 791 637 alia
827 594 880 637 ad
907 595 1153 638 tollendum
1183 596 1493 648 absurditates,
1531 598 1643 641 mala
1684 599 1854 642 infinita

362 677 406 710 et
425 666 786 710 inconveniencia
805 682 889 725 que
910 683 962 709 ex
985 683 1135 709 eorum
1157 668 1440 712 observancia
1456 678 1666 712 secuntur
1689 678 1853 730 tempo-

362 739 484 781 ribus
512 739 691 789 nostris,
719 746 761 780 et
782 738 881 796 plus
903 739 947 780 in
970 738 1129 781 futuris
1157 748 1362 783 secutura
1382 741 1683 783 verisimiliter
1704 758 1852 800 presu-

362 819 556 859 muntur,
586 810 813 852 hominum
846 809 1015 852 malicia
1050 827 1223 869 semper
1255 821 1498 863 crescente,
1531 813 1748 855 tolluntur
1774 830 1853 872 per

360 883 474 924 hanc
492 882 804 940 provisionem,
824 882 860 923 si
880 889 1082 924 teneatur
1101 900 1110 934 3
1130 899 1210 924 nec
1226 883 1356 925 etiam
1377 883 1561 942 illajura
1585 884 1640 927 de
1662 885 1854 944 Corpore

350 957 472 1013 juris
507 962 691 1012 propter
726 953 810 994 hoc
842 952 1134 1006 delebuntur3
1168 970 1220 996 ex
1258 955 1321 997 eis
1359 956 1485 1014 argui
1519 956 1684 1014 poterit
1713 957 1852 1016 magis

359 1042 489 1084 quam
532 1041 585 1067 ex
622 1025 795 1084 legibus
835 1024 1028 1067 totaliter
1063 1026 1306 1084 arrogatis;
1331 1042 1430 1068 nam
1457 1027 1501 1068 in
1533 1027 1681 1069 multis
1708 1027 1852 1071 locum

357 1097 612 1149 habebunt;
652 1112 733 1138 nec
769 1104 834 1137 est
873 1096 1187 1139 inconveniens
1222 1097 1278 1139 ob
1312 1113 1462 1140 causas
1490 1098 1728 1156 predictas,
1759 1099 1795 1141 si
1829 1116 1852 1142 a

359 1168 684 1226 sollempnitate
726 1175 769 1209 et
802 1167 1053 1225 provisione
1092 1167 1239 1227 legum
1271 1168 1523 1226 hujusmodi
1557 1178 1600 1212 et
1635 1186 1851 1214 canonum

358 1241 489 1283 etiam
510 1239 757 1282 recedatur.

417 1314 501 1355 Per
526 1312 641 1354 hanc
668 1310 964 1369 provisionem
992 1311 1037 1353 in
1068 1312 1201 1353 Terra
1232 1313 1392 1355 Sancta
1419 1321 1639 1356 cresceret
1666 1314 1850 1357 multum

357 1399 573 1426 canonum
602 1383 853 1425 auctoritas.
886 1383 994 1425 Nam
1027 1382 1090 1424 eis
1123 1399 1202 1441 per
1230 1384 1574 1426 consuetudines
1609 1401 1697 1427 non
1726 1386 1850 1428 dero-

355 1455 530 1514 gabitur
551 1455 593 1496 in
618 1454 713 1496 foro
742 1453 943 1504 seculari,
977 1453 1086 1495 adeo
1118 1454 1231 1496 sicut
1258 1454 1378 1513 leges
1406 1464 1449 1498 et
1469 1457 1623 1515 magis,
1656 1457 1756 1516 quia
1778 1473 1849 1500 eas

354 1528 545 1577 vincent,
561 1526 705 1568 locum
720 1526 961 1567 habebunt.
985 1525 1151 1567 Eodem
1170 1526 1299 1567 modo
1315 1527 1581 1584 procedetur
1595 1528 1640 1570 in
1661 1536 1849 1587 utroque

354 1598 448 1641 foro
485 1597 786 1640 ecclesiastico
825 1605 866 1638 et
905 1596 1049 1649 civili3
1090 1597 1244 1639 unicus
1285 1598 1369 1639 erit
1408 1599 1452 1640 in
1489 1607 1579 1641 tota
1620 1599 1693 1642 illa
1731 1608 1847 1642 terra

354 1669 509 1712 modus
530 1669 629 1712 lites
652 1668 903 1718 ordinandi,
935 1667 1159 1711 decisione
1196 1668 1338 1712 litium
1366 1677 1409 1712 et
1434 1671 1608 1728 juribus
1637 1687 1768 1730 super
1799 1687 1846 1714 ea

354 1742 477 1784 factis
513 1757 603 1783 non
625 1741 831 1792 mutatis3
861 1740 981 1799 rigor
1004 1740 1116 1798 juris
1144 1740 1389 1783 servabitur
1415 1741 1582 1784 illesus.
1610 1743 1718 1786 Nam
1740 1744 1845 1786 arti-

354 1813 442 1856 culi
478 1829 530 1855 ex
575 1812 735 1871 quibus
775 1811 1002 1854 conclusio
1041 1811 1255 1854 inferetur
1300 1828 1384 1854 non
1433 1813 1714 1864 concludent,
1764 1830 1845 1857 nec

352 1884 594 1943 procedere
614 1884 833 1933 dicentur,
859 1883 946 1925 nisi
967 1898 1019 1924 ex
1039 1883 1101 1924 eis
1118 1892 1160 1925 et
1175 1899 1325 1926 eorum
1343 1885 1605 1942 probatione
1621 1901 1843 1928 neccessa-

351 1957 416 1999 rio
439 1964 647 2014 sequatur
674 1954 900 1997 conclusio
931 1963 973 1996 et
1000 1955 1203 2012 probatio
1231 1955 1442 2013 eJusdem‚
1486 1956 1599 1998 sicut
1634 1956 1687 1998 de
1721 1957 1843 1999 sillo-

349 2028 490 2086 gismo
514 2027 666 2069 dicunt
694 2025 914 2085 dyaletici,
946 2026 1142 2084 regulam
1163 2034 1379 2084 ponentes
1403 2026 1697 2086 infallibilem,
1725 2028 1843 2086 quod

350 2098 666 2156 consequentia
707 2113 794 2138 non
833 2105 970 2146 tenet,
1013 2098 1224 2154 quociens
1270 2098 1490 2156 opositum
1531 2099 1842 2157 consequentis

349 2178 463 2212 stare
485 2178 632 2228 potest
659 2185 756 2211 cum
785 2167 1089 2210 antecedente.
1123 2171 1214 2210 Hoc
1242 2177 1308 2211 est
1335 2169 1454 2227 quod
1485 2169 1637 2212 dicunt
1665 2170 1836 2229 legiste,

348 2250 394 2283 ut
425 2258 478 2283 .c.
514 2241 566 2283 de
594 2239 947 2298 probationibus,
991 2239 1035 2280 .l.
1075 2256 1213 2298 neque
1239 2241 1426 2294 natales,
1467 2257 1546 2299 per
1579 2241 1661 2284 alia
1688 2241 1835 2291 verba,

349 2328 433 2370 que
469 2311 708 2370 vulgariter
748 2318 850 2352 sunt
881 2327 888 2351 :
931 2311 1023 2352 Hoc
1057 2326 1141 2352 non
1162 2312 1329 2369 probat
1362 2312 1440 2354 lzoc
1467 2328 1575 2365 esse,
1611 2314 1729 2372 quod
1759 2312 1839 2354 hoc

347 2387 556 2441 contingit
577 2383 741 2424 abesse.

407 2456 528 2497 Hanc
550 2453 761 2512 regulam,
779 2452 1190 2510 quociensjudicari
1207 2453 1338 2495 debet
1351 2470 1403 2496 an
1420 2454 1621 2512 procedit
1641 2454 1833 2505 libellus,

347 2534 390 2569 et
417 2542 470 2568 an
499 2525 682 2583 probata
705 2532 771 2566 est
792 2523 979 2565 intentio
1002 2524 1171 2582 agentis
1198 2524 1265 2566 vel
1293 2526 1568 2583 excipientis,
1600 2525 1838 2585 diligenter

346 2605 552 2655 opportet
591 2596 827 2653 inspicere,
869 2595 936 2636 vel
966 2594 1070 2637 alias
1103 2595 1307 2653 judicans
1336 2596 1568 2638 casualiter
1599 2596 1832 2654 judicabit,

344 2669 406 2711 sie
442 2683 630 2726 peccans
667 2666 712 2708 in
752 2666 888 2708 forma
923 2665 1178 2723 judicandi3
1221 2667 1340 2725 quod
1372 2675 1600 2725 peccatum
1646 2668 1682 2710 si
1719 2677 1835 2710 esset

344 2755 600 2798 expressum
619 2738 826 2780 redderet
844 2737 1113 2779 sentenciam
1135 2738 1298 2780 nullam
1316 2739 1413 2796 ipso
1430 2740 1529 2796 jure
1549 2757 1558 2791 ;
1583 2739 1696 2781 sicut
1717 2741 1833 2782 enim

343 2812 401 2853 ait
456 2810 753 2868 Philosophus
786 2825 793 2850 :
843 2809 891 2851 In
928 2809 1220 2867 paucioribus
1268 2819 1455 2868 apparet
1499 2813 1566 2854 via
1607 2814 1749 2869 magis
1793 2821 1834 2853 et
