1942 3242
437 234 495 267 DE
527 229 947 265 RECUPERATIONE
976 228 1138 261 TERRE
1167 226 1368 259 SANCTE.
1590 223 1652 256 105

158 324 423 384 posteritati,
449 323 562 366 datis
579 321 841 364 muneribus
863 318 1148 367 electoribus,
1179 316 1333 358 saltem
1361 315 1500 366 laicis,
1519 322 1567 357 ut
1588 330 1650 356 as-

160 396 392 439 sentirent.
424 397 542 453 Papa
562 395 675 436 bene
703 392 867 434 faceret
893 390 1086 449 prelatos
1122 388 1337 430 electores
1370 385 1650 444 imperatoris

159 468 390 517 assentire,
417 466 626 525 quoniam
648 480 801 506 eorum
829 461 1136 520 multipliciter
1151 460 1336 502 interest
1358 458 1508 500 solitas
1523 472 1650 516 guer-

161 555 230 582 ras
249 539 428 597 Imperii
449 549 492 579 et
519 536 799 579 subditorum
820 536 914 592 ejus
943 548 1130 575 cessare.

221 612 346 654 Tunc
367 609 403 651 si
431 609 637 651 dominus
659 622 771 665 papa
797 606 880 648 sub
907 619 1053 646 annua
1083 610 1298 661 perpetua
1325 601 1540 659 pensione
1562 611 1650 642 tra·
1671 611 1919 649 dupapeennane.

163 682 288 724 deret
317 680 495 722 domino
529 680 623 738 regi
655 686 799 720 totum
827 674 1144 735 patrimonium
1178 673 1374 715 Ecclesie
1411 688 1511 714 cum
1551 672 1651 713 obe—

163 753 331 796 diencia
353 750 587 810 temporali
614 749 811 792 omnium
838 746 1126 790 vassallorum
1155 744 1369 803 ejusdem,
1401 743 1454 785 de
1488 743 1652 801 quibus

163 832 267 867 sunt
303 822 431 866 multi
468 838 612 881 reges,
655 829 752 863 acto
791 828 834 862 et
870 817 1137 861 concordato
1177 816 1298 875 quod
1344 815 1551 857 dominus
1578 831 1655 858 rex

165 898 422 939 Senatorem
446 909 677 936 romanum
694 892 985 934 constitueret
1004 905 1139 932 unum
1159 888 1211 930 de
1234 887 1444 929 fratribus
1471 886 1561 928 suis
1580 894 1655 928 aut

163 966 279 1017 filiis,
305 967 382 1025 qui
403 966 447 1007 in
469 965 673 1007 absencia
698 963 816 1022 regis
838 963 978 1021 ipsius
1002 968 1118 1003 esset
1141 975 1377 1018 supremus
1399 957 1657 1016 patrimonii

159 1038 450 1097 justiciarius,
466 1038 627 1094 acujus
643 1035 883 1077 sentenciis
904 1041 1055 1092 posset
1077 1031 1257 1074 domino
1279 1046 1392 1089 pape
1415 1029 1657 1088 supplicari

164 1109 300 1168 quod,
330 1109 433 1151 visis
448 1107 731 1167 processibus
754 1122 904 1148 earum
932 1105 985 1147 de
1009 1104 1173 1162 quibus
1196 1119 1242 1144 se
1263 1109 1414 1161 posset
1433 1100 1657 1143 intromit-

163 1190 273 1232 tere,
304 1180 563 1229 infirmaret,
595 1178 892 1227 confirmaret,
918 1185 992 1219 aut
1013 1175 1118 1218 alias
1147 1173 1403 1216 emendaret
1429 1172 1623 1214 easdem.

223 1254 347 1295 Tunc
369 1251 404 1294 si
432 1250 683 1300 Lombardi‚
708 1251 952 1292 Januenses
986 1256 1029 1290 et
1055 1248 1330 1291 Venetenses
1359 1243 1542 1286 obedire
1569 1260 1657 1286 non

163 1324 326 1366 vellent
351 1323 461 1382 regi,
486 1322 654 1364 tributa
685 1329 728 1363 et
754 1319 1035 1362 redevancias
1062 1318 1167 1360 olim
1211 1318 1264 1359 ab
1286 1317 1348 1359 eis
1376 1316 1658 1374 imperatori-

166 1396 248 1438 bus
283 1395 453 1437 debitas
482 1393 666 1443 solvere,
697 1392 1040 1434 interdiceretur
1068 1390 1131 1432 eis
1165 1389 1312 1432 statim
1344 1396 1434 1430 tota
1464 1403 1658 1429 commu-

165 1467 239 1510 nio
265 1466 464 1509 omnium
499 1465 818 1507 catholicorum
859 1463 1039 1505 domino
1067 1477 1180 1520 pape
1202 1458 1547 1510 obedientium¹,
1578 1475 1659 1501 no-

165 1554 266 1581 vum
300 1537 480 1579 modum
513 1545 555 1578 et
591 1544 802 1578 statutum
846 1534 966 1593 pacis
1006 1533 1256 1592 predictum
1298 1531 1656 1583 observantium3

166 1618 209 1652 et
235 1609 366 1651 etiam
388 1608 651 1651 commercia
679 1607 876 1649 omnium
900 1622 1047 1648 rerum
1070 1604 1445 1647 interdicerentur
1473 1602 1655 1644 eisdem.

166 1681 383 1724 Dominus
402 1696 478 1722 rex
498 1680 637 1722 libere
663 1679 849 1721 intraret
875 1676 1182 1720 Lombardiam
1214 1692 1293 1734 per
1317 1675 1541 1726 Saveiam3
1580 1675 1660 1717 Se-

167 1760 292 1795 nator
313 1763 356 1794 ct
376 1753 619 1810 Imperator
641 1766 688 1793 ac
711 1766 787 1792 rex
815 1749 978 1807 Sycilie
1007 1764 1058 1790 ex
1073 1748 1169 1790 aliis
1182 1747 1382 1805 partibus
1410 1744 1657 1797 venirent23

168 1823 326 1866 devicti
359 1823 403 1865 in
441 1823 620 1865 exilium
655 1829 920 1880 perpetuum
957 1820 1254 1862 mitterentur.
1288 1819 1362 1861 Sic
1396 1833 1485 1859 non
1511 1825 1662 1875 posset

171 1894 346 1945 durare,
375 1894 452 1936 sed
478 1893 754 1936 neccessario
788 1892 964 1934 caderet
997 1907 1151 1933 eorum
1182 1890 1407 1948 antiquata
1435 1888 1657 1947 superbia,

172 1982 251 2008 nec
279 1982 367 2008 non
406 1967 722 2015 Romanorum,
750 1965 1075 2013 Tuscanorum,
1111 1963 1455 2020 Campanorum,
1491 1959 1660 2019 Apulo-

219 2176 252 2208 1.
281 2173 352 2208 Sur
373 2174 406 2208 la
427 2173 592 2208 muniere
614 2174 658 2207 de
682 2173 737 2219 s'y
751 2173 914 2219 prendre
927 2184 1014 2206 avec
1036 2172 1091 2206 les
1106 2171 1332 2211 Lombards,
1351 2170 1395 2206 cf.
1414 2170 1448 2204 le
1460 2172 1510 2204 De
1522 2169 1658 2210 abrasa,

169 2222 250 2268 (fol.
275 2223 295 2257 8
316 2222 392 2267 r0):
417 2235 435 2254 «
458 2221 495 2255 Si
523 2220 728 2255 Lombardi
761 2220 870 2254 vobis
900 2220 1045 2254 nollent
1083 2219 1299 2262 obedire...,
1340 2217 1507 2264 possetis
1532 2229 1662 2251 eorum

170 2277 309 2303 terram
331 2275 367 2302 et
384 2269 507 2302 omnia
530 2269 703 2302 victualia
724 2274 884 2307 vastare,
909 2267 1107 2313 ingressus
1131 2267 1345 2300 victualium
1360 2265 1517 2299 aliarum
1540 2265 1662 2310 regio-

170 2329 258 2350 num
281 2317 325 2350 de
347 2317 446 2350 facili
466 2315 716 2362 prohibendo,
744 2316 792 2350 ita
822 2316 923 2361 quod
945 2315 1033 2360 ipsi,
1065 2314 1312 2349 intollerabili
1334 2314 1428 2347 fame
1460 2313 1659 2359 compulsi,

172 2365 373 2398 thesauros
395 2364 523 2398 mundi
546 2376 640 2409 quos
660 2375 727 2409 per
752 2376 854 2397 suam
887 2363 1068 2396 astuciam
1097 2369 1132 2396 et
1162 2361 1347 2395 maliciam
1382 2366 1664 2406 congregarunt

171 2411 280 2445 vobis
300 2412 515 2450 redderent,
538 2417 574 2444 et
592 2417 767 2456 tanquam
791 2411 890 2444 servi
912 2409 1020 2444 vobis
1042 2410 1079 2444 in
1103 2416 1326 2455 perpetuum
1348 2408 1570 2447 obedirent;
1595 2420 1663 2441 nec

172 2460 285 2493 credo
324 2466 408 2502 post
441 2458 627 2503 originem
655 2458 784 2492 mundi
816 2464 959 2492 tantum
990 2463 1236 2504 conquestum
1275 2456 1494 2490 diviciarum
1527 2455 1664 2489 factum

173 2507 290 2541 fuisse
311 2513 489 2552 quantum
511 2506 563 2539 ibi
585 2506 756 2540 faceretis
764 2532 832 2541 .....
854 2518 887 2539 ›>.
923 2525 965 2532 —
1000 2505 1057 2539 Cf.
1087 2505 1306 2538 ci-dessous
1334 2505 1352 2548 ἓ
1376 2505 1455 2543 118,
1481 2503 1601 2537 alinea
1628 2505 1661 2543 6,

173 2567 209 2600 p.
231 2556 401 2589 110-111.

221 2604 252 2636 2.
283 2604 333 2636 De
354 2601 491 2641 abreu.⁷
523 2601 587 2634 fol.
610 2602 629 2635 8
651 2609 712 2633 v0:
737 2613 755 2633 «
779 2600 815 2634 Si
847 2600 931 2646 quis
962 2605 1130 2646 opponat
1152 2598 1391 2633 Lombardos
1420 2604 1564 2632 tantum
1597 2598 1663 2632 ha-

173 2648 262 2683 bere
286 2649 465 2695 populum
488 2661 567 2682 cum
597 2648 794 2682 fortaliciis
825 2648 924 2693 quod
942 2647 1169 2693 jampridem
1201 2647 1451 2692 imperatores
1486 2651 1522 2680 et
1553 2658 1663 2691 reges

173 2697 391 2731 Alemauuie
414 2710 488 2730 non
511 2700 714 2742 potuerunt
735 2707 800 2728 eos
822 2695 858 2728 in
885 2694 989 2729 brevi
1010 2701 1180 2740 tempore
1206 2693 1410 2739 subjugare
1417 2720 1534 2728 ........
1558 2693 1664 2727 multi

174 2749 211 2777 et
231 2744 368 2778 infiniti
391 2745 471 2778 sine
490 2743 612 2790 gagiis
632 2749 668 2777 et
689 2742 889 2788 stipendiis
904 2748 1062 2789 propter
1082 2743 1175 2776 lucri
1193 2754 1295 2787 spem
1310 2748 1462 2775 current
1476 2741 1564 2775 illuc
1582 2754 1589 2781 ;
1614 2746 1661 2779 et,

176 2791 208 2825 si
226 2792 388 2826 credatis
410 2792 598 2837 expedire,
623 2802 748 2824 nonne
778 2801 887 2834 reges
922 2789 1047 2824 Sicilie
1074 2795 1109 2823 et
1135 2789 1368 2828 Alemannie,
1390 2789 1452 2835 qui
1494 2793 1580 2822 sunt
1610 2787 1663 2823 illi

176 2844 275 2874 terre
298 2839 469 2887 proximi,
492 2838 666 2887 poteritis
689 2838 725 2873 iu
746 2843 909 2874 vestrum
932 2837 1112 2874 auxilium
1130 2836 1337 2873 invocare?
1360 2849 1377 2870 »
