1942 3242
317 229 336 261 8
862 227 1046 260 PIERRE
1075 227 1296 260 DUBOIS.·

317 317 451 360 tualia
471 333 749 376 quecunque,
772 332 943 375 aquam,
968 316 1115 376 ignem
1137 325 1179 358 et
1200 317 1282 359 alia
1302 318 1389 359 vite
1409 319 1681 360 neccessaria
1703 334 1806 377 quo-

319 405 493 448 cunque
512 388 640 431 modo
668 387 976 437 ministrando,
1007 388 1247 446 puniantur
1273 405 1352 446 per
1380 388 1604 431 dominum
1631 405 1803 448 papam,

319 476 407 503 non
444 459 894 509 excommunicentur,
931 475 1019 501 non
1056 460 1493 509 anathematizentur,
1530 468 1712 518 propter
1746 460 1808 503 fu-

317 531 527 591 giendum
554 530 798 589 periculum
822 530 973 573 salutis
995 531 1252 582 animarum,
1285 547 1339 573 ne
1361 531 1696 589 dampnatorum
1725 548 1807 574 nu-

319 618 465 645 merus
499 610 737 662 augeatur3
768 602 898 661 longe
926 602 1081 644 melius
1121 603 1205 645 erit
1237 618 1311 645 eos
1343 602 1645 660 temporaliter
1679 619 1807 661 quam

319 673 573 716 eternaliter
594 674 768 732 punire.

377 747 496 788 Pena
527 745 801 804 temporalis,
838 744 942 787 licet
973 746 1067 787 sine
1100 747 1427 804 comparatione
1465 747 1607 789 minor
1638 754 1804 798 eterna,

294 817 417 875 'plus
444 817 687 868 timebitur,
718 817 817 875 plus
844 816 1047 875 proficiet
1074 818 1208 860 Terre
1240 818 1429 870 Sancte3
1460 818 1603 860 minus
1631 817 1810 860 nocebit

48 1044 101 1070 Par
111 1042 230 1078 exempla
242 1045 257 1068 a
268 1050 302 1068 un

83 1078 135 1105 due
165 1087 199 1104 ou
227 1081 243 1104 ὰ
267 1086 302 1103 un

82 1119 168 1141 comte
203 1113 249 1148 qui
271 1122 301 1139 se

83 1149 237 1177 revolterait
243 1157 303 1175 eon-

87 1191 128 1212 tre
152 1185 176 1212 le
200 1185 239 1212 roi
268 1184 301 1211 de

85 1223 198 1248 France.
234 1222 300 1247 Tac-

85 1258 156 1293 tique
171 1260 187 1284 a
199 1257 299 1292 snivi-2²3

320 888 523 930 omnibus
545 888 755 947 proximis
774 896 818 930 et
838 889 1086 946 conjunctis
1109 888 1460 947 dampnatorum.

382 1035 441 1084 [V]
482 1031 529 1076 5.
555 1030 684 1086 Quod
707 1039 850 1073 autem
870 1030 923 1072 de
945 1030 1061 1073 facili
1082 1031 1254 1089 possint
1275 1031 1336 1072 sic.
1361 1047 1563 1091 guerram
1586 1040 1810 1074 moventes

323 1102 495 1144 devinci
527 1110 570 1144 et
602 1102 646 1144 in
675 1104 854 1144 Terram
890 1103 1094 1145 Sanctam
1125 1103 1352 1144 commode
1382 1104 1636 1153 transmitti,
1671 1103 1811 1161 liquet

322 1189 534 1231 ponamus
569 1173 656 1215 dux
681 1173 748 1215 vel
782 1189 927 1215 comes
961 1173 1217 1232 Burgundie
1251 1190 1453 1233 guerram
1484 1183 1627 1216 movet
1659 1183 1809 1216 contra

321 1261 470 1303 regem
490 1246 774 1295 Francorum,
800 1244 1024 1286 dominum
1044 1261 1190 1297 suum3
1215 1261 1306 1296 rex,
1332 1246 1407 1303 qui
1429 1262 1515 1287 non
1533 1246 1811 1305 recognoscit

322 1316 594 1374 superiorem
622 1316 666 1357 in
687 1315 856 1366 terris¹,
882 1317 1027 1358 statim
1048 1316 1304 1374 prohibebit
1333 1316 1451 1374 quod
1473 1317 1618 1358 nullus
1640 1317 1694 1359 ad
1720 1325 1810 1359 ter-

320 1403 389 1429 ras
411 1403 561 1429 eorum
581 1387 747 1429 deferat
767 1388 986 1437 victualia,
1013 1404 1145 1438 arma,
1171 1404 1354 1438 merceS,
1380 1397 1423 1430 et
1445 1388 1525 1430 alia
1549 1404 1810 1446 quecunque

320 1459 450 1508 bona,
480 1459 610 1500 etiam
638 1474 899 1517 quacunque
927 1475 1056 1501 causa
1083 1460 1168 1501 sibi
1202 1459 1374 1511 dcbita3
1412 1468 1455 1501 et
1488 1476 1568 1517 per
1602 1468 1809 1502 statutum

321 1530 497 1571 concilii
523 1518 610 1572 tam
637 1530 887 1588 principum
915 1545 1044 1588 quam
1077 1530 1336 1572 universalis
1371 1530 1573 1580 ecclesie,
1610 1531 1695 1573 hoc
1728 1531 1810 1573 erit

321 1601 524 1643 omnibus
551 1601 778 1643 catholicis
813 1602 894 1644 sub
922 1602 1053 1643 simili
1079 1618 1191 1660 pena
1219 1602 1518 1660 prohibitum;
1549 1618 1639 1652 rex,
1670 1610 1717 1644 ut
1744 1602 1809 1644 lu-

321 1672 515 1714 crifaciat
537 1672 621 1714 sibi
641 1680 802 1714 terram
822 1673 1014 1715 hostium
1037 1689 1134 1715 cum
1149 1673 1354 1715 omnibus
1376 1674 1503 1715 bonis
1526 1689 1692 1724 eorum,
1713 1689 1809 1715 curn

320 1751 449 1785 erunt
478 1751 627 1802 parate
665 1760 829 1786 messes
866 1744 919 1786 ad
954 1744 1252 1803 colligendum
1285 1744 1351 1786 vel
1381 1752 1496 1794 ante,
1530 1744 1675 1786 veniat
1711 1760 1809 1787 cum

319 1823 439 1857 tanta
475 1815 756 1858 multitudine
796 1817 994 1874 gentium
1034 1832 1225 1866 suarum,
1268 1824 1312 1858 et
1350 1817 1581 1875 regionum
1621 1815 1809 1858 circum-

321 1902 493 1944 quaque
507 1887 764 1944 positarum,
784 1887 902 1946 quod
924 1887 1178 1930 auferantur
1193 1888 1256 1930 eis
1278 1895 1320 1929 et
1336 1887 1497 1929 auferri
1513 1887 1686 1945 possint
1698 1887 1808 1929 sruc—

320 1966 390 2000 tus
435 1966 709 2010 crescentes;
746 1959 821 2017 qui
855 1959 1017 2001 auferri
1051 1967 1093 2001 et
1125 1958 1337 2017 prodesse
1376 1959 1532 2000 vicinis
1573 1958 1680 2000 locis
1721 1975 1808 2000 non

320 2037 544 2087 poterunt,
580 2029 891 2084 devastentur3
922 2031 998 2088 qui
1030 2030 1186 2072 salvari
1218 2038 1262 2072 et
1297 2029 1460 2072 auferri
1493 2038 1718 2088 poterunt,
1755 2030 1809 2072 ad

321 2100 608 2142 munitionem
645 2100 962 2143 fortaliciorum
989 2102 1288 2160 proximorum
1316 2101 1618 2143 obedientium
1645 2101 1740 2161 regi
1767 2109 1810 2143 et

321 2172 428 2229 ipsis
450 2171 703 2214 nocentium
726 2172 1018 2230 applicentur,
1049 2181 1096 2215 ut
1116 2172 1219 2215 inde
1246 2173 1390 2214 vivere
1412 2173 1585 2230 possint
1607 2173 1808 2230 sequenti

320 2250 534 2300 tempore,
565 2251 766 2285 caventes
793 2260 847 2286 ne
874 2260 1077 2302 guerram
1106 2251 1329 2286 moventes
1358 2243 1542 2302 fugiant,
1583 2259 1636 2285 ne
1669 2251 1809 2285 terras

322 2313 540 2371 proximas
563 2313 822 2372 depredent.
848 2317 946 2358 Non
967 2315 1074 2357 fiant
1095 2315 1139 2356 in
1166 2315 1296 2356 terris
1317 2314 1469 2356 talium
1497 2314 1704 2356 diuturne
1725 2313 1808 2356 for·

320 2384 567 2427 taliciorum
589 2385 860 2437 obsidiones,
885 2394 1017 2444 prout
1037 2386 1132 2428 fieri
1150 2386 1376 2428 consuevit
1398 2404 1407 2437 3
1439 2385 1475 2427 si
1496 2402 1541 2427 se
1563 2384 1805 2435 includant,

321 2464 451 2513 prout
486 2464 551 2497 est
589 2457 825 2499 verisimile
857 2458 1132 2517 contingere,
1173 2473 1261 2499 non
1301 2457 1512 2498 audentes
1552 2456 1606 2498 ad
1644 2455 1807 2498 bellum

323 2535 566 2584 campestre
592 2528 757 2579 venire,
784 2529 976 2571 calcetur
1001 2545 1080 2587 per
1108 2529 1347 2571 exercitum
1373 2537 1417 2570 et
1444 2515 1807 2569 innumerabilem

369 2671 401 2703 1.
432 2669 490 2703 Cf.
508 2671 559 2704 De
575 2669 711 2710 abrech,
733 2670 794 2704 fol.
819 2672 862 2705 23
883 2678 921 2704 v⁰
939 2684 945 2704 :
965 2685 983 2705 «
1007 2671 1121 2717 Papa,
1147 2671 1183 2705 in
1209 2684 1276 2705 suo
1299 2669 1491 2708 decretali,
1514 2669 1679 2703 secundo
1696 2669 1805 2709 libro,

321 2717 365 2749 de
386 2716 557 2755 Judiciis,
583 2718 647 2763 qui
668 2718 799 2764 incipit
817 2731 822 2751 :
846 2732 864 2751 «
886 2718 998 2752 Novit
1019 2719 1082 2752 ille
1104 2719 1167 2765 qui
1188 2719 1280 2753 nihil
1299 2719 1496 2764 ignorat»,
1520 2716 1669 2762 publice
1690 2718 1806 2762 profi-

320 2769 420 2797 tetur
449 2765 549 2810 quod
580 2766 756 2799 dominus
790 2778 855 2799 rex
887 2766 1130 2806 Francorum,
1168 2771 1348 2812 quantum
1383 2765 1428 2798 ad
1461 2776 1568 2796 suum
1600 2764 1748 2797 feodum
1771 2771 1807 2798 et

320 2811 524 2845 dominium
547 2813 754 2858 temporale
775 2813 918 2847 nullum
940 2814 1137 2859 cognoscit
1159 2813 1395 2860 superiorem
1417 2812 1454 2845 in
1478 2811 1605 2845 terris.
1628 2824 1646 2843 »
