1942 3242
447 202 507 234 DE
536 200 951 234 RECUPERATIONE
979 200 1141 233 TERRE
1170 200 1368 233 SANCTE.
1589 201 1648 234 127

155 292 228 335 ubi
267 297 395 334 etiam
437 292 567 350 culpa
606 294 783 334 minime
822 295 1056 349 reperitur.
1101 290 1210 333 Nam
1251 289 1287 331 si
1344 288 1552 348 princeps
1593 291 1649 333 ob

153 379 347 406 amorem
385 362 607 406 Creatoris
640 361 908 420 sapienciam
955 371 1127 420 querat,
1167 359 1392 419 justiciam
1431 372 1647 404 maturam

153 450 234 493 pro
262 434 365 477 totis
391 434 559 477 viribus
587 433 715 476 faciat
741 444 785 475 et
811 432 988 475 ordinet
1015 449 1121 475 suos
1145 431 1321 490 judices
1356 431 1502 474 taliter
1530 432 1650 491 quod

154 506 253 548 lites
280 505 367 548 cito
388 505 561 564 possint
582 507 701 563 juste
723 504 884 554 decidi,
915 503 1139 562 parcendo
1167 502 1479 545 miserabiliter
1501 503 1649 546 subdi-

156 589 302 620 torum
327 577 546 635 dampnis,
570 576 796 619 laboribus
824 586 868 617 et
889 573 1133 633 expensis¹,
1157 574 1337 617 venient
1356 574 1456 625 sibi,
1476 575 1531 617 ad
1558 575 1649 618 ins-

155 660 221 691 tar
255 649 521 699 Salomonis,
552 647 699 690 omnia
733 646 884 688 mondi
918 647 1034 688 bona
1074 661 1174 688 cum
1209 661 1310 688 vera
1350 645 1574 704 sapiencia
1606 657 1651 689 et

149 719 357 778 justicia3
382 721 677 762 movebuntur
703 717 834 760 etiam
854 717 999 760 clerus
1032 728 1077 759 et
1107 717 1302 775 populus
1339 717 1394 759 ad
1420 717 1648 760 remitten-

155 791 260 834 dum
282 791 430 834 omnia
450 790 495 833 in
516 790 680 849 quibus
707 789 891 832 fuerunt
909 788 1075 848 gravati
1095 806 1104 841 3
1136 788 1258 847 quod
1278 804 1451 831 summe
1472 789 1647 848 expedi·

154 873 236 913 ret,
262 862 471 921 quoniam
496 861 668 920 precise
697 860 799 903 sciri
828 876 916 902 non
948 871 1100 918 posset
1127 860 1173 902 in
1201 871 1417 918 quantum
1460 859 1650 919 quilibet

154 934 381 984 sustinuit,
406 933 651 976 occasione·
682 931 1017 991 premissorum,
1043 933 1287 989 jacturam;
1318 943 1560 990 possetque
1594 931 1649 974 de

155 1005 286 1056 facili,
326 1005 440 1048 sicut
461 1005 609 1055 credo,
641 1004 824 1046 firmiter
845 1002 1071 1061 procurari
1101 1002 1221 1061 quod
1253 1003 1523 1062 generaliter
1549 1019 1649 1046 con-

154 1076 371 1119 sentirent
391 1077 533 1119 clerus
551 1087 596 1118 et
621 1075 814 1134 populus
843 1074 1073 1116 dominum
1101 1090 1252 1133 regem
1280 1090 1362 1132 pro
1387 1091 1543 1118 eorum
1578 1091 1647 1117 sa-

155 1147 246 1190 lute
266 1148 524 1206 impendere
557 1147 602 1189 in
633 1146 881 1190 subsidium
922 1147 1057 1188 Terre
1103 1147 1278 1197 Sancte,
1312 1157 1355 1188 et
1390 1147 1447 1188 ob
1480 1146 1645 1205 ipsum,

155 1235 420 1278 quecunque
461 1219 555 1277 ipse
597 1219 697 1277 plus
738 1217 887 1260 debito
924 1217 1085 1276 exegit,
1125 1228 1168 1259 et
1206 1217 1354 1260 omnia
1398 1217 1443 1259 in
1486 1217 1648 1276 quibus

155 1291 494 1349 dampnificavit,
530 1306 609 1348 per
642 1289 939 1348 quodcunque
978 1288 1228 1339 consilium,
1271 1289 1508 1347 subjectos
1560 1289 1648 1344 Qui

154 1378 396 1405 consensus
417 1361 686 1420 predicando
713 1376 886 1403 crucem
914 1376 1013 1403 cum
1036 1359 1318 1419 indulgencia
1344 1360 1541 1418 plenaria
1569 1360 1648 1403 do-

157 1433 264 1476 mini
291 1450 404 1492 pape
432 1434 486 1476 de
508 1433 627 1476 facili
646 1444 799 1491 posset
819 1432 990 1475 haberi.

219 1576 334 1622 138.
367 1575 580 1619 Similiter
607 1586 753 1618 autem
783 1574 1011 1633 expediret
1034 1573 1275 1632 'dominum
1307 1591 1459 1634 regem
1487 1575 1647 1635 Anglie

155 1660 199 1690 et
216 1648 323 1690 alios
350 1664 503 1690 omnes
530 1647 771 1706 principes,
803 1646 989 1697 nobiles,
1009 1657 1053 1688 et
1073 1662 1363 1705 quoscunque
1385 1647 1461 1706 qui
1484 1648 1646 1690 transi-

155 1721 267 1762 bunt
294 1719 360 1761 vel
389 1718 564 1761 mittent
591 1718 635 1760 in
664 1721 843 1762 Terram
875 1719 1094 1768 Sanctam,
1132 1717 1273 1760 facere
1310 1729 1354 1760 et
1390 1718 1644 1777 impetrare,

153 1807 251 1834 cum
279 1790 365 1832 illis
393 1802 435 1832 et
455 1791 508 1832 ab
536 1790 599 1832 eis
627 1790 790 1848 quibus
818 1800 1028 1832 tenentur
1058 1789 1102 1831 in
1134 1805 1222 1831 non
1251 1788 1433 1848 liquidis
1467 1790 1644 1842 debitis,

155 1861 368 1912 obscuris,
395 1861 524 1904 modo
546 1861 746 1920 quolibet
767 1860 996 1920 ignoratis.
1013 1861 1121 1904 Nam
1144 1871 1254 1910 tum,
1280 1861 1522 1904 secundum
1545 1862 1647 1905 fidei

155 1944 304 1975 nostre
344 1944 521 1983 statuta,
570 1949 659 1975 non
704 1932 944 1975 dimittitur
988 1942 1214 1990 peccatum
1256 1931 1339 1974 nisi
1386 1932 1648 1976 restituatur

154 2003 376 2056 ablatum3
407 2003 443 2046 si
475 2003 715 2063 pugnaturi
753 2020 834 2062 pro
867 2004 1201 2061 recuperatione
1240 2014 1284 2045 et
1315 2005 1646 2048 conservatione

154 2077 289 2118 Terre
327 2076 484 2118 Sancte
507 2075 672 2118 macula
712 2074 981 2117 detentionis
1019 2074 1264 2117 alienorum
1300 2075 1519 2118 bonorum
1557 2076 1646 2119 sint

153 2147 374 2205 oppressi,
404 2158 448 2189 et
468 2146 528 2189 sic
550 2146 722 2189 mortali
749 2157 928 2205 peccato
963 2145 1103 2205 ligati,
1134 2162 1286 2189 eorum
1324 2158 1498 2204 peccata
1537 2147 1646 2191 facta

154 2217 397 2276 impedient
430 2217 656 2261 aliorum?
690 2219 743 2260 Et
784 2217 961 2268 idcirco,
986 2233 1121 2275 super
1143 2217 1350 2259 omnibus
1383 2234 1485 2261 vere
1524 2219 1645 2277 peni-

201 2375 234 2407 1.
264 2372 320 2406 Cf.
346 2372 546 2413 ci-dessus,
568 2385 604 2418 p
628 2374 672 2408 73
693 2378 729 2406 et
750 2372 843 2406 suiv.

201 2422 234 2454 2.
265 2420 390 2454 Relire
411 2433 430 2454 a
452 2432 491 2454 ce
514 2421 611 2466 sujet
632 2421 665 2454 le
684 2432 845 2465 passage
867 2418 954 2453 bien
976 2431 1100 2453 connu
1126 2419 1193 2453 des
1226 2419 1427 2453 memoires
1456 2420 1501 2454 de
1536 2419 1644 2455 Join-

152 2467 239 2502 ville
255 2468 290 2513 (ξ
311 2470 375 2501 111
399 2468 444 2501 de
466 2467 550 2501 l‘ed.
574 2467 762 2513 classique
784 2468 829 2500 de
850 2467 893 2500 N.
914 2467 959 2500 de
977 2466 1150 2513 Wailly),
1175 2473 1399 2513 rapportant
1422 2479 1482 2501 ses
1495 2469 1643 2526 prepa-

152 2515 260 2549 ratifs
282 2516 327 2548 de
349 2515 546 2549 croisade:
571 2529 589 2548 «
611 2514 654 2548 Je
675 2515 759 2548 lour
780 2515 839 2548 diz
855 2515 888 2548 le
909 2515 1116 2548 vendredi.
1139 2527 1157 2547 «
1187 2514 1364 2560 Signour,
1385 2515 1422 2560 je
1456 2515 1501 2549 m'
1507 2527 1552 2549 en
1583 2517 1645 2550 voi

152 2568 260 2597 outre
279 2575 370 2602 mer,
394 2568 430 2596 et
446 2562 484 2607 je
506 2574 551 2596 ne
574 2562 628 2596 sai
651 2574 690 2595 se
709 2562 745 2608 je
767 2574 830 2595 rev
835 2562 953 2596 enrai.
978 2561 1032 2596 Or
1052 2574 1167 2595 venez
1188 2568 1322 2603 avaut;
1345 2575 1384 2596 se
1411 2563 1448 2608 je
1482 2576 1576 2597 vous
1610 2564 1644 2598 ai

153 2611 198 2644 de
217 2610 320 2644 riens
350 2610 511 2649 mesfait,
537 2610 573 2654 je
604 2610 637 2643 le
659 2622 752 2643 vous
774 2609 949 2649 desserai,
988 2609 1064 2643 lun
1099 2621 1166 2655 par
1199 2609 1345 2650 l'autre,
1375 2622 1518 2644 comme
1543 2611 1581 2657 je
1608 2612 1643 2645 ai

153 2658 397 2696 acoustumei
422 2658 441 2690 a
463 2663 548 2691 touz
569 2669 657 2691 ceus
676 2657 740 2703 qui
760 2662 944 2691 vourront
965 2657 1046 2690 rien
1077 2657 1282 2691 demander
1301 2669 1348 2691 ne
1382 2658 1401 2692 a
1423 2670 1509 2704 moy
1544 2670 1591 2692 ne
1624 2659 1643 2693 a

153 2717 210 2739 ma
229 2711 371 2750 gent.»
394 2705 436 2738 Je
459 2705 542 2738 lour
557 2704 674 2739 desflz
688 2717 756 2750 par
774 2704 794 2738 l'
800 2710 929 2750 esgart
950 2705 995 2738 de
1017 2710 1099 2759 tout
1119 2705 1153 2738 le
1171 2717 1345 2738 commun
1367 2706 1412 2739 de
1434 2717 1491 2739 ma
1514 2711 1639 2746 terre;

153 2758 189 2785 et
209 2764 306 2798 pour
324 2765 364 2786 ce
382 2764 454 2799 que
471 2753 508 2799 je
529 2765 552 2786 n
557 2753 680 2786 'eusse
702 2751 809 2798 point
827 2752 860 2786 d'
864 2757 1056 2798 emport‚J
1062 2763 1081 2786 e
1102 2764 1159 2786 me
1182 2751 1278 2786 levai
1313 2753 1388 2786 dou
1421 2753 1582 2793 consoil,
1606 2760 1644 2787 et

153 2811 198 2833 en
220 2799 300 2846 ting
321 2812 494 2846 quanque
512 2799 537 2834 il
559 2804 811 2846 raportereut,
838 2811 926 2834 sanz
941 2798 1108 2833 debat.»
1131 2819 1177 2826 —
1197 2799 1257 2834 On
1280 2800 1352 2834 snit
1367 2812 1439 2846 que
1452 2800 1570 2834 Louis
1593 2799 1643 2834 lx
