1942 3242
383 210 442 243 DE
472 207 892 242 RECUI'ERATIONE
921 207 1084 241 TERRE
1113 207 1308 241 SANCTE.
1555 206 1592 238 47

100 301 230 344 talem
269 300 447 343 modum
482 300 673 350 vivendi,
708 299 1019 342 consuetudini
1050 314 1135 356 que
1169 306 1236 339 est
1269 297 1405 339 altera
1441 305 1595 338 natura

102 373 309 431 quoniam
336 380 535 414 naturam
557 371 728 421 alterat,
753 387 842 413 non
864 370 1177 419 emendationi,
1209 368 1462 427 deputando
1484 369 1502 410 Ρ
1528 367 1596 410 Ad

102 445 187 487 hoc
229 443 389 486 malum
429 442 742 485 declinandum
779 441 984 500 expediet
1030 440 1149 499 quod
1194 440 1382 498 quilibet
1427 439 1480 481 de
1520 454 1596 481 sua

103 515 254 575 lingua
280 515 471 573 peritum
498 514 561 556 ibi
588 522 631 556 et
651 514 763 555 bene
791 513 1032 555 litteratum
1060 512 1252 570 reperiat
1280 510 1593 560 consessorem,

105 586 247 629 anime
275 585 509 629 medicum.

167 717 250 763 58.
288 718 397 760 Item
427 724 469 758 et
508 715 725 758 medicum
762 715 962 773 corporis
1002 714 1225 756 interioris
1259 722 1301 755 et
1337 712 1567 755 exterioris
1587 717 1606 764 ;'

107 788 240 846 periti
265 796 309 830 et
335 787 506 846 experti
532 787 577 829 in
597 787 760 829 talibus
787 787 858 828 vix
878 795 921 828 et
947 802 1046 828 raro
1074 786 1356 844 reperiuntur
1383 784 1499 843 apud
1519 799 1599 826 nos

108 859 162 901 ad
189 858 529 911 remanendum3
558 858 668 900 tales
690 858 806 916 apud
827 874 907 900 nos
930 858 1017 900 cito
1037 857 1298 908 ditarentur,
1323 873 1411 899 non
1437 856 1600 898 transi-

109 938 207 972 rent
229 930 332 973 illuc
359 930 414 973 ad
441 929 755 972 sufficienciam
773 929 980 988 quoniam
1008 945 1089 971 nec
1117 929 1245 970 nobis
1264 927 1501 971 sufficiunt.

169 1066 343 1116 [xxxvl]
387 1061 474 1107 59.
518 1063 625 1104 Item
665 1060 997 1120 presidentibus
1027 1077 1163 1120 regno
1201 1060 1441 1103 Jerusalem
1469 1075 1602 1117 expe-

112 1133 226 1176 diret
247 1133 410 1176 habere
438 1133 699 1175 secretarios
721 1132 881 1174 multos
909 1132 1079 1182 fideles,
1107 1133 1290 1190 peritos,
1328 1132 1403 1190 qui
1430 1131 1602 1190 linguas

110 1204 320 1256 Arabum,
351 1205 592 1263 scripturas
620 1220 787 1255 eorum,
812 1212 855 1246 et
882 1204 963 1246 alia
985 1203 1136 1246 mondi
1165 1204 1385 1262 ydiomata
1416 1219 1604 1262 cognos-

111 1275 300 1319 cerent¹.
326 1277 485 1319 Fertur
503 1276 623 1334 quod
638 1276 681 1317 in
706 1276 905 1334 partibus
920 1276 1116 1318 Orientis
1133 1283 1234 1318 sunt
1253 1275 1428 1334 quidam
1451 1273 1605 1333 populi

113 1347 334 1398 catholici,
383 1347 568 1390 ecclesie
614 1363 792 1389 romane
838 1363 927 1389 non
965 1347 1240 1398 obedientes,
1285 1347 1338 1388 ab
1384 1347 1604 1405 aliquibus

113 1418 310 1461 articulis
355 1419 459 1461 fidei
503 1435 614 1477 quos
651 1427 774 1460 tenet
817 1419 1003 1461 ecclesia
1055 1435 1230 1460 romana
1278 1418 1602 1467 discordantes,

115 1506 302 1549 quorum
321 1506 516 1533 summus
537 1490 772 1548 episcopus
801 1491 871 1532 cui
892 1506 1060 1540 omnes,
1086 1490 1199 1532 sicut
1227 1498 1271 1532 et
1297 1505 1377 1532 nos
1406 1505 1602 1539 roman0‚

115 1561 345 1611 obediunt,
369 1570 548 1604 vocatur
569 1561 880 1620 pentharcos²‚
912 1562 986 1620 qui
1015 1569 1263 1621 nongentos
1291 1561 1424 1603 habet
1452 1561 1533 1603 sub
1561 1576 1607 1602 se

116 1633 365 1692 episcopos,
390 1641 433 1676 et
455 1633 533 1683 sic,
558 1642 606 1675 ut
627 1633 804 1684 dicitur,
829 1633 979 1692 plures
1000 1633 1185 1675 haberet
1212 1633 1293 1675 sub
1315 1649 1360 1675 se
1380 1648 1509 1691 quam
1528 1632 1607 1674 do-

165 1813 198 1847 1.
230 1811 358 1846 L'ide'e
379 1812 425 1845 de
443 1811 550 1846 creet·
567 1823 614 1846 en
636 1811 820 1846 Occident
838 1825 887 1845 un
904 1812 1191 1857 enseignement
1212 1813 1278 1846 des
1300 1812 1458 1858 langues
1481 1811 1608 1845 orien-

118 1859 214 1893 tales
245 1865 282 1893 et
314 1860 359 1894 de
391 1859 533 1893 former
560 1872 607 1893 un
643 1871 755 1905 corps
790 1860 1056 1906 d'interpretes
1085 1860 1242 1894 cultives
1277 1861 1450 1905 apparait
1478 1860 1544 1893 des
1575 1859 1610 1893 la

119 1907 305 1952 premiere
356 1907 484 1941 moitie
528 1908 577 1940 du
619 1915 700 1941 xm⁰
744 1907 856 1940 siecle
886 1921 892 1947 ;
935 1907 981 1941 cf.
1029 1920 1100 1941 une
1146 1907 1248 1941 bulle
1294 1907 1515 1941 d'Innocent
1560 1906 1610 1940 IV

118 1954 180 1999 (22
198 1954 279 1999 juin
291 1954 401 1999 1248)
413 1967 458 1988 au
471 1954 685 1988 chancelier
700 1955 744 1988 de
761 1954 1003 1988 l'Universite
1020 1956 1064 1988 de
1082 1955 1207 1988 Paris:
1228 1955 1449 1996 «Quosdam
1471 1967 1611 2000 pueros

122 2001 251 2035 tamin
271 2001 420 2036 arabica
440 2014 548 2048 quam
572 2002 609 2035 in
632 2002 717 2035 aliis
740 2001 880 2047 linguis
902 2002 1327 2048 orientaliumpartium
1350 2003 1494 2048 peritos
1511 2002 1611 2036 Pari-

122 2049 202 2082 sius
224 2049 321 2082 mitti
343 2049 604 2094 disposuimus
625 2050 671 2083 ad
694 2050 920 2083 studendum
943 2050 1034 2083 utin
1058 2062 1161 2084 sacra
1182 2050 1318 2096 pagina
1339 2052 1519 2084 docentes
1533 2050 1612 2083 vias

121 2097 383 2130 mandatorum
416 2096 570 2130 Domini
598 2097 738 2131 eruditi
766 2097 861 2131 alios
888 2097 925 2131 in
954 2098 1212 2132 ultramarinis
1239 2097 1411 2143 partibus
1439 2097 1614 2131 erudiant

120 2145 166 2178 ad
187 2144 344 2178 salutem
360 2143 694 2190 >›(Cl1a1·tulczrium
713 2145 970 2179 Universitatis
984 2145 1226 2185 Parisiensis,
1244 2146 1363 2185 Paris,
1382 2147 1486 2186 1889,
1501 2145 1610 2185 iu-40,

122 2191 151 2231 1,
177 2191 275 2236 212).
299 2190 395 2237 Voy.
419 2191 489 2225 Ch.
507 2191 704 2231 Jourdain,
731 2193 784 2226 Un
807 2191 942 2238 college
963 2191 1125 2227 oriental
1144 2193 1167 2227 ἁ
1187 2193 1300 2227 Paris
1321 2204 1371 2227 αιι
1389 2201 1471 2226 xu1⁶
1488 2191 1610 2232 siecle,

123 2239 217 2273 dans
236 2240 352 2273 Revue
380 2238 444 2272 des
466 2239 627 2273 Socie'ce's
651 2245 836 2280 savantes,
861 2241 900 2274 2⁶
921 2240 1030 2278 serie,
1058 2239 1122 2279 VI,
1150 2253 1185 2286 p.
1209 2243 1266 2276 66.
1291 2240 1363 2273 Sur
1387 2241 1441 2274 les
1470 2240 1614 2286 projets

124 2287 169 2320 de
191 2286 375 2320 Raimond
398 2286 503 2320 Lulle
522 2298 567 2320 en
583 2292 679 2321 cette
698 2287 866 2327 matiere,
883 2300 915 2321 v.
935 2288 1100 2322 Histoire
1116 2287 1308 2327 litteram,
1330 2287 1461 2328 XXIX,
1481 2290 1536 2326 11,
1555 2288 1612 2326 47.

124 2334 182 2368 Cf.
206 2334 333 2379 Roger
351 2334 478 2368 Bacon
500 2334 594 2368 dans
614 2334 747 2383 l'Opus
768 2335 916 2369 tertium
932 2335 1011 2380 (ed.
1035 2335 1198 2375 Brewer,
1221 2349 1256 2381 p.
1277 2336 1351 2380 95).

172 2383 205 2415 2.
235 2381 383 2415 Dubois
405 2381 476 2415 cite
498 2394 636 2416 encore
657 2395 698 2416 ce
726 2388 926 2430 pentarcos
952 2384 1045 2416 dans
1067 2395 1140 2416 une
1168 2384 1212 2416 de
1242 2395 1302 2416 ses
1331 2383 1458 2428 pieces
1485 2388 1615 2416 contre

124 2429 304 2463 Boniface
330 2429 582 2474 (ei-dessous,
613 2442 649 2475 p.
674 2431 731 2470 49,
764 2430 870 2475 note)
895 2436 931 2464 et
961 2431 1054 2463 dans
1083 2443 1155 2463 une
1182 2431 1226 2464 de
1250 2442 1311 2464 ses
1333 2430 1459 2476 pieces
1486 2436 1615 2463 contre

125 2477 180 2510 les
201 2476 412 2522 Templiers
433 2477 601 2522 (Nolices
626 2482 660 2511 et
684 2477 870 2516 Extraits,
902 2477 926 2511 l.
950 2490 997 2517 c.,
1022 2485 1062 2511 n⁰
1084 2477 1264 2511 XXVIII:
1290 2491 1308 2510 «
1331 2477 1443 2511 Greci
1465 2483 1500 2511 et
1525 2478 1615 2510 Pen-

125 2523 280 2558 tharcos
295 2524 456 2558 climatis
475 2524 686 2563 orientalis,
708 2537 789 2558 cum
810 2525 1013 2570 nongentis
1036 2525 1228 2571 episcopis
1251 2532 1286 2559 et
1305 2537 1433 2558 eorum
1463 2524 1616 2570 populis

125 2570 326 2616 baptizatis
347 2572 402 2605 eis
425 2571 624 2617 subjectis)
638 2585 656 2604 >›
679 2592 719 2598 —
746 2573 832 2606 «Le
852 2579 929 2606 mot
947 2572 1187 2620 pentarchos,
1211 2572 1266 2606 dit
1284 2573 1331 2606 M.
1360 2573 1487 2606 Renan
1509 2572 1616 2617 (His-

127 2618 218 2652 toire
239 2617 430 2654 litteraire.
455 2619 586 2658 XXVI.
617 2619 715 2665 502),
749 2625 806 2653 est
834 2620 1084 2654 evidemment
1112 2622 1144 2653 le
1171 2626 1247 2653 mot
1274 2619 1387 2654 arabe
1410 2619 1544 2653 batrak
1570 2631 1617 2652 ou

127 2666 354 2712 patriarche,
379 2678 446 2712 par
465 2666 587 2712 lequel
609 2679 656 2700 on
680 2667 838 2712 de'signe
859 2673 945 2701 tous
967 2668 1022 2701 les
1045 2668 1185 2713 grands
1216 2668 1320 2702 cliefs
1350 2667 1528 2711 d'eglises
1559 2667 1617 2700 in-

128 2713 387 2758 dependantes
409 2726 453 2747 en
477 2714 625 2748 Orient.
650 2714 701 2747 Le
721 2720 920 2762 pentarcos
949 2715 994 2748 de
1016 2714 1163 2749 Dubois
1192 2721 1248 2748 est
1274 2714 1563 2761 probablement
1585 2714 1618 2747 le

129 2760 341 2806 patriarche
364 2762 430 2795 des
452 2761 677 2795 Nestoriens
696 2775 744 2795 ou
763 2762 979 2796 Chaldeens
999 2775 1047 2795 ou
1067 2762 1222 2808 Syr-iens
1239 2762 1449 2796 orientaux.
1469 2761 1618 2795 nomme

129 2819 196 2854 par
217 2808 424 2843 excellence
448 2823 465 2842 «
482 2809 693 2855 patriarche
711 2809 897 2843 d'Orient.
912 2822 930 2841 »

1624 1096 1661 1120 De
1678 1093 1781 1122 l'niilite
1798 1094 1831 1122 de
1846 1095 1871 1122 la

1658 1131 1872 1158 connaissance

1657 1166 1707 1193 des
1763 1166 1875 1202 langues
1897 1199 1900 1201 .

1659 1203 1813 1235 orientales,
