1942 3242
401 254 459 286 DE
488 253 905 287 RECUPERATIONE
936 251 1100 285 TERRE
1131 250 1327 284 SANCTE.
1575 251 1614 283 75

118 359 198 386 ro:
227 343 363 386 Actor
385 344 572 403 quilibet
598 345 643 386 in
665 343 905 402 majoribus
944 342 1087 385 causis
1115 355 1358 400 procurans
1402 355 1524 381 reum
1558 339 1612 382 ad

113 415 328 474 Judicium
355 416 541 466 evocari,
565 416 724 458 factum
746 414 864 474 quod
886 413 1076 457 intendit
1103 413 1292 471 probare
1320 428 1399 470 per
1433 411 1612 453 modum

119 487 402 530 articulorum
430 487 584 530 afferat
606 487 763 546 judici,
788 495 830 530 et
849 486 966 528 idem
984 485 1026 527 in
1050 484 1235 527 modicis
1263 483 1422 533 causis,
1446 482 1611 524 vocatis

118 559 206 602 reis
233 567 276 601 et
295 559 594 617 presentibus.

180 648 202 671 «
233 630 306 673 Sic
337 631 546 689 proponit
573 638 616 672 et
648 629 840 672 intendit
872 628 1062 687 probare
1090 629 1140 669 B.
1174 634 1325 669 contra
1354 628 1423 676 T.‚
1454 633 1610 684 petens

119 701 261 760 ipsum
283 703 332 744 T.
353 710 568 760 quatenus
584 702 774 761 probare
789 700 954 759 poterit
974 716 1052 758 per
1067 715 1143 741 vos
1166 699 1251 740 sibi
1267 696 1607 755 condempnari:

117 773 322 816 videlicet
344 773 463 832 quod
490 773 607 816 idem
635 775 686 816 B.
712 773 830 815 dicto
852 773 901 815 T.
928 771 1154 822 mutuavit,
1186 769 1430 813 numeravit
1451 777 1494 811 et
1519 777 1610 811 tra-

117 845 230 888 didit
251 854 426 889 centum
447 846 646 888 marchas
675 845 847 905 argenti
874 844 919 886 in
947 843 1212 902 stellinguiS.

178 986 261 1032 92.
298 989 421 1038 Item,
445 996 488 1030 et
515 987 635 1047 quod
657 988 800 1030 dictus
829 990 878 1031 T.
904 986 1059 1029 eodem
1081 988 1131 1029 Β.
1162 993 1386 1044 presente,
1418 993 1460 1027 et
1485 984 1607 1034 alias,

116 1059 330 1118 premissa
347 1060 602 1119 recognovit
624 1076 720 1102 esse
740 1076 857 1102 vera.
883 1061 1007 1110 Item,
1032 1067 1075 1101 et
1095 1058 1212 1101 idem
1241 1059 1290 1100 T.
1326 1073 1372 1099 se
1400 1055 1612 1115 obligavit

116 1130 171 1174 ad
193 1131 467 1174 reddendum
487 1132 573 1190 ipsi
595 1133 644 1174 B.
677 1140 853 1174 centum
875 1132 1074 1174 marchas
1095 1131 1313 1172 bonorum
1348 1128 1611 1187 stellinguo-

116 1218 228 1253 rum,
254 1219 306 1245 ex
326 1218 456 1245 causa
473 1203 687 1261 predicta.
714 1205 837 1254 Item,
869 1212 911 1245 et
933 1202 1052 1261 quod
1079 1203 1173 1260 ipse
1201 1203 1249 1243 T.
1276 1200 1459 1242 eandem
1482 1215 1611 1258 pecu-

117 1274 232 1317 niam
254 1274 534 1333 postmodum
556 1275 744 1317 reddere
772 1275 928 1326 noluit,
953 1274 1120 1333 pluries
1147 1272 1387 1332 requisitus
1418 1289 1457 1314 ».

177 1417 260 1462 93.
274 1419 362 1459 Hec
375 1426 440 1460 est
453 1419 631 1460 materia
644 1417 783 1461 libelli
799 1417 982 1476 perfecti
999 1417 1052 1460 de
1068 1416 1328 1459 necessitate
1342 1414 1612 1457 concluden-

116 1490 198 1542 tis;
222 1505 332 1548 quos
359 1489 568 1532 articulos
589 1490 731 1532 mittat
748 1489 884 1548 judex
910 1505 1001 1539 reo,
1026 1497 1074 1532 ut
1089 1488 1250 1536 veniat,
1275 1487 1425 1529 habita
1441 1486 1610 1529 delibe-

116 1562 301 1612 ratione,
323 1561 623 1619 respondendi
645 1570 790 1604 certus
813 1578 865 1603 an
880 1561 1036 1603 cedere
1059 1577 1134 1602 seu
1156 1559 1440 1608 contendere,
1467 1566 1510 1600 et
1531 1574 1611 1616 per

117 1648 246 1691 quem
274 1632 450 1674 modum
477 1632 597 1683 velit,
624 1633 723 1691 quia
753 1633 788 1675 si
816 1632 972 1675 falsum
993 1631 1258 1691 proponitur
1278 1647 1330 1673 eo
1358 1629 1478 1688 quod
1498 1645 1610 1671 non-

117 1720 246 1762 quam
268 1703 349 1746 fuit
376 1705 563 1762 pecunia
586 1713 809 1747 numerata
829 1713 871 1746 et
891 1704 1068 1754 tradita,
1093 1703 1238 1746 omnia
1259 1702 1487 1761 proposita
1521 1708 1609 1743 sta-

115 1776 193 1818 tim
215 1784 347 1836 neget
374 1792 490 1827 reus,
517 1777 677 1819 actoris
699 1777 1006 1835 probationem
1034 1784 1287 1834 expectans.

177 1848 225 1891 Si
251 1864 353 1890 vero
380 1849 567 1906 pecunia
594 1848 675 1890 fuit
695 1857 904 1898 mutuata,
929 1847 1105 1897 tradita,
1137 1846 1214 1889 sed
1236 1846 1392 1897 soluta,
1424 1846 1606 1904 quitata,

117 1920 312 1969 remissa,
344 1936 419 1962 seu
442 1920 660 1979 delegatio
689 1920 868 1962 alterius
896 1935 1085 1978 persone
1107 1919 1250 1961 animo
1267 1918 1457 1960 novandi
1479 1917 1605 1967 facta,

117 1990 233 2032 dicat
255 1991 338 2033 sic:
366 2009 387 2031 «
418 1993 467 2034 T.
489 1991 715 2034 confessus
738 2000 803 2033 est
825 1999 1000 2033 centum
1020 1991 1217 2032 marchas
1252 1990 1422 2049 argenti
1444 1997 1608 2031 mutua-

116 2070 182 2105 tas
215 2070 257 2104 et
286 2062 485 2113 traditas,
516 2079 629 2105 anno
659 2065 748 2121 jam
776 2063 940 2121 elapso,
984 2062 1090 2105 alias
1129 2078 1295 2121 negans
1330 2062 1467 2120 petita
1507 2076 1607 2102 vera

117 2150 242 2185 esse;
271 2150 525 2192 proponens
547 2143 590 2176 et
616 2134 852 2177 intendens
880 2135 1069 2193 probare
1096 2141 1249 2176 contra
1283 2135 1332 2175 B.
1365 2132 1484 2191 quod
1514 2133 1609 2190 ipse

116 2205 397 2263 postmodum
425 2205 509 2264 ipsi
538 2207 588 2247 B.
623 2222 756 2265 super
788 2205 1041 2264 hujusmodi
1075 2214 1225 2248 mutuo
1271 2204 1511 2255 satisfecit;
1541 2203 1609 2246 vel

118 2276 237 2334 quod
259 2278 308 2318 B.
335 2276 531 2319 debitum
553 2278 638 2319 sibi
659 2278 842 2328 remisit,
867 2278 1012 2320 animo
1035 2277 1227 2319 donandi
1247 2293 1256 2330 ς
1281 2277 1347 2318 vel
1371 2275 1490 2334 quod
1511 2291 1609 2317 eum

117 2348 302 2407 quitavit
329 2364 462 2406 super
490 2349 709 2399 omnibus,
734 2366 814 2408 pro
841 2358 1039 2407 tempore
1061 2350 1300 2408 preterito;
1325 2348 1392 2390 vel
1416 2347 1534 2406 quod
1550 2356 1608 2389 ta-

118 2418 202 2460 lem
224 2419 262 2461 ei
287 2419 519 2478 delegavit,
561 2420 636 2478 qui
665 2420 808 2462 animo
837 2420 1027 2462 novandi
1061 2421 1114 2462 ad
1149 2419 1406 2462 solvendum
1445 2419 1608 2461 dictum

118 2498 315 2533 mutuum
338 2507 382 2532 se
411 2490 637 2549 obligavit.
677 2509 698 2531 »
735 2493 788 2534 Et
815 2493 876 2533 sic
905 2492 958 2534 de
991 2492 1085 2534 aliis
1120 2491 1430 2550 peremptoriis
1463 2490 1608 2532 defen-

119 2561 333 2611 sionibus,
359 2570 490 2620 prout
510 2562 722 2605 factorum
744 2563 931 2621 qualitas
959 2563 1215 2622 postulabit.

180 2633 227 2675 Si
254 2649 356 2675 vero
378 2641 499 2675 actor
527 2634 695 2692 aliquid
721 2634 906 2676 voluerit
938 2635 1194 2692 replicando
1222 2650 1489 2693 proponere,
1526 2643 1608 2675 tra-

120 2702 223 2746 ditis
243 2704 326 2746 sibi
349 2706 639 2763 responsione
660 2713 702 2747 et
729 2706 987 2764 exceptione
1015 2707 1094 2756 rei,
1122 2706 1389 2764 superaddat
1415 2714 1535 2747 actor
1557 2705 1611 2747 ad

121 2789 239 2817 suam
261 2775 580 2828 intentionem;
605 2785 648 2819 et
674 2777 758 2819 hoc
780 2777 898 2835 quod
929 2777 1196 2836 superaddet
1227 2793 1302 2819 reo
1334 2777 1503 2828 tradat;
1535 2778 1610 2835 qui

121 2860 221 2888 reus
249 2846 449 2890 similiter
469 2847 611 2891 tradat
632 2848 910 2908 postmodum
938 2849 1075 2892 actori
1103 2848 1320 2908 quidquid
1342 2848 1609 2907 duplicando
