1942 3242
309 241 348 274 14
854 240 1038 274 I'IERRE
1068 241 1260 275 DUBOIS.

310 331 516 388 quatinus
544 332 606 373 eis
635 330 869 381 sufficient,
902 332 1154 390 recuperari
1179 332 1352 374 valeant
1379 341 1422 375 et
1448 333 1630 392 pacifice
1657 336 1800 392 possi-

309 401 403 443 deri
422 420 431 454 ;
455 402 659 445 victualia
678 402 985 444 ministrentur
1005 403 1068 444 eis
1091 402 1283 445 aliunde.

370 544 451 591 15.
485 546 606 587 Bona
641 561 725 603 que
754 545 920 587 habent
956 545 1122 604 ubique
1156 546 1265 587 citra
1304 562 1422 588 mare
1459 546 1706 605 predictum
1745 548 1800 590 ad

307 615 473 658 firmam
500 616 693 658 nobilem
726 616 869 674 primo
895 616 1028 658 trium
1053 616 1121 659 vel
1148 625 1334 675 quatuor
1361 634 1575 660 annorum
1602 634 1700 661 cum
1729 619 1798 661 in—

307 687 592 741 chremento3
640 696 683 730 et
727 687 902 730 demum
940 688 1008 730 vel
1053 704 1106 730 ex
1145 705 1278 739 nunc,
1322 689 1357 730 si
1397 688 1665 732 sufficienter
1703 689 1799 733 fieri

306 758 462 816 possit,
510 759 554 800 in
600 767 858 817 perpetuam
901 759 1208 817 amphiteosim
1246 759 1502 812 tradantur3
1546 777 1599 803 ex
1637 761 1797 820 quibus

306 829 436 888 longe
465 830 577 872 ultra
610 830 864 889 octingenta
903 830 1021 872 milia
1051 830 1263 873 librarum
1295 833 1602 874 turonensium
1630 849 1796 875 annua-

304 900 381 942 tim
403 901 638 943 habebitur
661 917 683 943 a
705 901 965 960 Templariis
993 910 1035 943 et
1057 902 1378 960 Hospitalariis.

366 973 510 1030 Super
542 973 765 1030 perceptis
801 981 1036 1031 postquam
1069 973 1221 1015 civitas
1255 973 1399 1015 Acon¹
1433 974 1656 1017 destructa
1695 974 1792 1025 suit,

304 1044 416 1085 ratio
444 1059 541 1084 cum
560 1043 743 1101 reliquis
762 1044 960 1103 exigatur
978 1062 988 1096 ;
1019 1044 1073 1086 de
1094 1061 1179 1103 qua
1200 1061 1330 1086 naves
1351 1061 1449 1087 cum
1469 1046 1732 1088 victualibus
1753 1054 1796 1088 et

305 1114 399 1156 aliis
421 1115 708 1157 neccessariis
736 1123 1031 1174 pugnatorum
1050 1132 1168 1157 mare
1194 1116 1536 1158 transiturorum
1557 1133 1794 1175 procuren-

302 1193 389 1235 tur,
420 1194 467 1227 ut
498 1187 718 1236 omnibus,
750 1186 852 1228 licet
878 1187 1187 1244 pauperrimis,
1217 1187 1503 1230 transfretare
1525 1188 1790 1239 volentibus,

302 1256 415 1298 liber
442 1265 483 1298 et
510 1257 688 1316 pinguis
717 1258 761 1299 in
785 1266 1012 1315 posterum
1040 1266 1188 1316 pateat
1213 1259 1440 1300 transitus.
1473 1260 1583 1301 Cum
1610 1260 1793 1302 navibus

300 1327 514 1369 vehantur
534 1328 662 1370 nobis
691 1344 952 1387 quecunque
974 1328 1027 1370 de
1056 1331 1190 1372 Terra
1220 1331 1379 1372 Sancta
1399 1338 1610 1388 poterunt
1636 1347 1794 1389 oppor-

300 1407 405 1440 tuna
432 1399 602 1449 haberi,
632 1407 677 1458 et
705 1399 758 1441 de
781 1400 909 1442 bonis
937 1400 1101 1442 nostris
1123 1400 1243 1451 illuc,
1273 1409 1320 1442 ut
1348 1401 1461 1443 bona
1489 1401 1719 1443 hincinde
1739 1401 1794 1444 de

301 1469 417 1511 facili
453 1471 859 1523 communicentur;
899 1488 978 1529 per
1017 1487 1101 1529 que
1140 1487 1227 1514 non
1254 1472 1473 1514 immerito
1508 1473 1789 1523 Christicole,

301 1541 408 1582 citra
429 1541 593 1583 dictum
616 1558 733 1583 mare
766 1550 808 1583 et
835 1542 965 1584 etiam
993 1543 1156 1601 ubique
1190 1543 1339 1601 positi,
1374 1543 1505 1602 longe
1542 1543 1713 1586 facilius
1750 1552 1793 1586 et

300 1612 525 1654 ardentius
558 1614 850 1655 movebuntur
883 1613 936 1655 ad
972 1614 1214 1672 presidium
1248 1622 1291 1656 et
1321 1631 1449 1672 opem
1486 1615 1641 1657 salutis
1675 1615 1792 1657 dicte

300 1685 450 1726 Terre.
483 1685 548 1725 De
583 1684 690 1726 locis
720 1684 938 1726 fertilibus
967 1685 1209 1727 insularum
1235 1693 1278 1727 et
1305 1685 1498 1743 riparum
1526 1685 1632 1727 dicti
1660 1686 1790 1728 maris

298 1763 363 1796 tot
378 1755 582 1797 victualia
599 1763 641 1796 et
663 1755 746 1797 alia
761 1757 1033 1798 neccessaria
1054 1772 1151 1798 curn
1171 1756 1423 1814 hujusmodi
1444 1757 1625 1798 navibus
1647 1765 1789 1815 porta-

299 1826 464 1867 buntur
496 1826 615 1884 quod
648 1835 917 1885 pugnatores
946 1828 1198 1885 quicunque
1233 1827 1335 1877 sint,
1367 1827 1619 1886 ubicunque
1650 1844 1789 1886 prope

299 1913 415 1938 marc
430 1897 582 1939 saltem
596 1898 850 1948 existentes,
864 1898 1027 1940 nullam
1042 1898 1294 1940 victualium
1307 1899 1535 1956 penuriam
1548 1899 1786 1957 patientur.

297 1969 414 2009 Dicti
445 1968 643 2027 religiosi
671 1969 746 2027 qui
778 1970 1005 2011 commode
1039 1969 1184 2027 quoad
1210 1986 1393 2028 presens
1419 1969 1721 2012 transffretare
1748 1978 1791 2012 et

298 2038 401 2081 illuc
429 2040 627 2081 habitare
650 2056 737 2081 non
758 2049 983 2098 poterunt,
1013 2049 1060 2082 ut
1082 2049 1212 2100 agant
1234 2041 1529 2099 penitenciam
1558 2058 1690 2099 super
1716 2058 1790 2084 ex-

298 2110 494 2151 cessibus
516 2127 682 2160 eorum,
714 2111 758 2152 in
786 2111 1064 2153 monasteriis
1093 2112 1413 2170 Cysterciensis
1435 2111 1603 2154 ordinis
1631 2121 1674 2154 et
1694 2113 1790 2155 aliis

297 2181 538 2239 pinguibus
584 2182 899 2234 detrudantur3
947 2183 1010 2224 ibi
1044 2183 1190 2224 vivant
1228 2199 1326 2224 cum
1363 2183 1572 2225 fratribus
1610 2185 1700 2241 qui,
1745 2192 1790 2226 ut

298 2252 469 2308 possint
504 2268 577 2294 cos
615 2253 849 2303 sustinere,
891 2254 1122 2311 pauciores
1155 2253 1264 2295 alios
1303 2254 1519 2311 recipiant
1559 2271 1789 2312 quousque

299 2339 430 2380 super
457 2339 608 2365 eorum
630 2324 796 2366 honere
818 2332 1027 2382 poterunt
1054 2325 1253 2366 relevari.

358 2394 564 2452 'salisque
585 2395 818 2437 thesaurus
847 2411 1016 2437 annuus
1035 2411 1219 2454 magnus
1241 2396 1349 2447 erit3
1374 2412 1453 2454 per
1481 2398 1603 2454 cujus
1626 2396 1787 2455 magni·

296 2464 494 2506 tudinem
532 2466 754 2508 malafides
786 2466 1134 2524 Templariorum
1163 2475 1206 2508 et
1234 2467 1627 2524 Hospitalariorum
1654 2483 1787 2525 appa-

299 2535 452 2586 rebit²,
483 2545 525 2578 et
553 2537 740 2594 qualiter
767 2537 980 2579 hactenus
1015 2538 1106 2595 ipsa
1136 2554 1181 2579 re
1211 2539 1389 2579 Terram
1414 2539 1619 2581 Sanctam
1641 2537 1787 2595 prodi-

345 2788 379 2820 1.
410 2786 462 2819 La
485 2786 588 2831 prise
605 2785 737 2821 d'Acre
759 2791 817 2820 est
839 2786 884 2820 de
908 2788 1011 2822 1291.

347 2835 378 2867 2.
410 2833 483 2868 Ms.
507 2833 732 2881 apparebat.
