1942 3242
343 205 404 238 108
889 214 1072 248 PIERRE
1102 217 1294 251 DUBOIS.

345 298 426 349 ta¹‚
457 314 556 342 cum
581 300 749 345 domini
771 318 845 345 rex
866 311 908 346 et
931 305 1119 348 Karolus
1152 306 1332 350 fuerunt
1361 309 1574 363 ibidem³;
1599 311 1718 369 quod
1751 311 1834 353 fuit

346 369 509 414 factum
537 372 591 414 ad
611 373 915 417 inducendum
940 375 1168 420 dominum
1193 379 1402 422 Karolum
1436 389 1479 423 et
1505 383 1599 439 ejus
1627 383 1833 424 consilia-

346 442 434 485 rios
462 459 510 485 ac
538 444 700 487 amicos
729 462 863 504 super
883 448 1140 506 hujusmodi
1167 458 1209 492 et
1231 451 1326 493 aliis
1346 452 1676 496 conferentibus
1692 454 1833 512 provi-

346 514 546 558 sionibus
568 517 870 574 providendis‚
903 521 1143 577 querendis
1162 522 1372 580 paulatim
1402 532 1444 565 et
1471 525 1712 567 servandis.

406 587 504 640 Quo
526 587 678 630 libello
706 589 906 648 inspecto
933 599 976 633 et
1009 594 1240 635 occasione
1270 594 1373 636 inde
1395 605 1586 654 sumpta,
1617 613 1771 639 curare
1792 605 1835 639 et

345 658 487 701 facere
509 659 723 703 deberent
750 661 918 704 domini
942 679 1019 705 rex
1053 672 1095 706 et
1124 665 1311 708 Karolus
1338 682 1386 708 ac
1423 683 1574 710 eorum
1610 668 1753 719 amici,
1791 669 1834 710 in

345 731 621 789 experiencia
661 741 703 774 et
736 734 977 791 prudencia
1014 751 1236 778 armorum
1276 737 1498 789 instructi,
1536 739 1707 798 aliquos
1734 756 1835 798 pru·

346 802 518 854 dentes,
545 812 766 862 expertos,
806 805 980 864 sibique
1017 806 1185 858 fideles,
1216 808 1356 851 facere
1383 826 1517 867 super
1543 811 1749 853 omnibus
1783 810 1836 853 ad

345 874 428 916 hec
451 875 786 919 conferentibus
814 877 1101 935 providendis
1139 879 1324 922 sollicite
1361 881 1558 940 vigilare.
1597 883 1832 937 Quoniam,

348 954 396 988 ut
417 962 470 989 ex
490 947 719 1005 premissis
747 947 956 1007 dictoque
984 949 1135 992 libello
1157 960 1291 1009 patet,
1317 952 1361 993 in
1381 961 1498 995 terra
1527 955 1653 1011 cujus
1683 970 1835 997 omnes

346 1018 506 1062 Gallici
532 1018 682 1061 literas
699 1028 742 1062 et
757 1021 902 1062 omnia
925 1021 1136 1064 laicorum
1158 1022 1377 1081 ydiomata
1400 1024 1622 1083 ignorant,
1653 1025 1836 1068 difficili-

346 1106 466 1132 mum
490 1090 574 1132 erit
601 1091 815 1142 habitare,
852 1091 1134 1135 dilectionem
1166 1102 1208 1136 et
1241 1095 1642 1139 confederationem
1672 1097 1836 1140 habita-

345 1170 510 1213 torum,
537 1163 613 1221 qui
641 1164 903 1206 naturaliter
924 1164 1048 1207 odire
1076 1176 1399 1209 consueverunt
1415 1168 1608 1218 Latinos,
1632 1185 1834 1227 querere,

347 1241 389 1276 et
418 1234 553 1293 ipsos,
587 1235 623 1276 si
645 1235 1009 1293 subjugarentur,
1037 1252 1207 1295 regere,
1243 1245 1284 1279 et
1305 1254 1402 1280 cum
1426 1239 1533 1297 ipsis
1569 1241 1833 1282 conversari.

346 1306 438 1349 Nec
464 1305 648 1349 tendere
678 1306 809 1349 debet
836 1308 979 1349 bonus
1001 1308 1208 1366 princeps
1230 1309 1284 1351 ad
1307 1317 1448 1352 totum
1477 1311 1692 1369 populum
1725 1312 1837 1370 peri-

348 1377 584 1430 mendum3
611 1378 647 1420 si
668 1379 722 1421 ad
742 1379 826 1421 hoc
854 1379 1073 1430 tenderet,
1104 1396 1192 1422 non
1221 1381 1332 1423 bene
1363 1381 1447 1423 sibi
1477 1383 1733 1441 contingere
1761 1383 1838 1425 de-

346 1451 486 1500 beret,
512 1466 593 1492 nec
614 1450 698 1492 hoc
725 1450 868 1493 facere
889 1459 1053 1509 posset.

409 1521 643 1575 Quomodo
679 1538 784 1582 ergo
823 1523 1112 1581 superstitum
1151 1523 1329 1566 dilectio
1358 1533 1585 1582 queretur,
1617 1524 1838 1583 quomodo

347 1601 560 1651 regentur
581 1609 660 1651 per
686 1592 788 1637 illos
818 1595 896 1652 qui
925 1594 1044 1652 ipsos
1074 1611 1162 1637 non
1190 1595 1442 1654 intelligent
1471 1596 1707 1654 plusquam
1742 1612 1839 1639 aves

347 1665 429 1707 celi
459 1665 713 1724 garulantes
741 1674 784 1708 et
811 1665 923 1708 seras
951 1666 1199 1725 mugientes
1234 1683 1282 1709 ac
1310 1675 1537 1725 serpentes
1577 1668 1840 1711 sibilantes?

347 1737 437 1780 Nec
466 1735 687 1779 sufficient
714 1738 910 1779 extranei
947 1737 1198 1797 linguarum
1231 1739 1510 1797 interpretes,
1543 1740 1751 1797 quoniam
1784 1739 1837 1781 de

347 1808 455 1866 ipsis
478 1808 702 1851 confidere
724 1809 1025 1867 periculosum
1057 1809 1155 1860 erit,
1193 1818 1235 1852 et
1256 1810 1464 1868 quoniam
1498 1810 1606 1852 tales
1634 1810 1688 1852 ad
1716 1809 1837 1852 suffi-

347 1880 561 1923 cienciam
583 1880 770 1923 inveniri
799 1897 887 1923 non
916 1890 1099 1939 possent
1126 1881 1180 1923 ad
1207 1882 1404 1940 regimen
1427 1882 1621 1940 Imperii,
1653 1898 1837 1925 numero

347 1960 390 1994 et
428 1952 671 2010 prudencia
711 1951 996 1995 sufficientes.
1034 1954 1244 1995 Homines
1276 1955 1486 2004 extranei,
1527 1954 1674 2012 quoad
1707 1953 1837 1996 Galli-

347 2039 421 2066 cos
443 2024 632 2075 barbari,
664 2024 778 2066 sicut
800 2032 903 2067 sunt
931 2040 1084 2067 omnes
1112 2025 1189 2083 qui
1209 2025 1404 2084 linguam
1440 2026 1683 2068 Grecorum
1711 2040 1837 2067 nove-

395 2206 427 2238 1.
457 2202 592 2237 Maitre
611 2202 705 2237 Jean
727 2203 772 2237 de
800 2203 835 2237 la
862 2203 976 2236 Foret
1002 2203 1056 2237 fut
1087 2202 1163 2236 l'un
1186 2204 1252 2237 des
1277 2203 1485 2237 nombreux
1513 2204 1707 2238 ministres
1729 2204 1836 2238 fami-

347 2252 438 2286 liers
460 2251 504 2285 de
527 2251 702 2296 Philippe
732 2251 766 2284 le
790 2250 871 2291 Bel,
909 2263 1050 2284 comme
1086 2251 1213 2284 Pierre
1244 2251 1289 2284 de
1321 2251 1461 2292 Latini,
1488 2252 1588 2285 Pons
1607 2251 1835 2291 d'Aumelas,

346 2299 481 2344 Hugue
504 2299 549 2332 de
571 2299 606 2333 la
634 2298 751 2338 Celle,
777 2307 862 2338 etc.,
887 2299 978 2332 dont
1008 2311 1105 2332 nous
1127 2310 1172 2332 ne
1194 2299 1443 2332 connaissons
1467 2302 1582 2345 gu'ere
1602 2311 1673 2346 que
1695 2299 1728 2332 le
1750 2311 1836 2332 nom

346 2359 394 2380 ou
424 2347 457 2380 le
489 2358 621 2380 cursus
643 2346 836 2380 honoram.
867 2346 972 2379 Nous
994 2346 1026 2379 le
1049 2352 1230 2380 trouvons
1265 2358 1309 2380 en
1336 2347 1475 2393 qualite
1506 2347 1550 2380 de
1578 2347 1836 2381 commissaire

346 2394 646 2428 extraordinaire
665 2394 714 2427 du
735 2394 793 2427 roi
816 2395 882 2427 des
905 2395 994 2429 1297
1018 2395 1110 2427 dans
1135 2394 1189 2427 les
1212 2394 1509 2428 senechaussees
1532 2395 1580 2428 du
1606 2394 1698 2428 Midi
1718 2394 1834 2440 (Hist.

345 2443 423 2488 ge'n.
450 2441 494 2476 de
514 2441 749 2487 Languedoc.
774 2442 833 2475 ed.
859 2441 997 2477 Privat,
1026 2441 1068 2479 X,
1103 2453 1154 2474 cc.
1179 2442 1345 2486 341-46).
1372 2442 1427 2475 En
1458 2443 1560 2476 1298.
1586 2442 1610 2476 il
1636 2442 1759 2485 siegea
1792 2453 1836 2474 au

347 2490 560 2523 Parlement
585 2490 629 2523 de
663 2489 769 2523 Paris
803 2488 933 2534 (Olim,
971 2489 1019 2528 ΙΙ,
1055 2488 1149 2533 423).
1174 2489 1229 2522 En
1256 2491 1360 2529 1299,
1400 2491 1432 2523 le
1466 2491 1590 2523 tresor
1617 2490 1666 2523 du
1689 2489 1837 2522 Louvre

347 2538 490 2571 sournit
523 2550 594 2570 aux
627 2537 718 2570 frais
756 2536 866 2570 d’une
903 2537 1060 2570 mission
1098 2537 1142 2569 de
1176 2537 1267 2570 Jeau
1309 2537 1353 2570 de
1390 2538 1420 2570 la
1461 2538 1573 2570 Feret
1610 2549 1654 2570 en
1694 2535 1836 2580 Angle-

347 2590 447 2618 terre
467 2585 528 2630 (I.
553 2583 901 2624 Delisle‚lllc¹'1noi1·e
915 2596 981 2618 sm·
1002 2583 1052 2617 les
1071 2584 1286 2631 θράναίίοηε
1300 2585 1521 2630 financie'res
1537 2583 1601 2618 des
1623 2582 1834 2630 Templiers,

348 2633 468 2671 Paris,
494 2634 597 2671 1889,
617 2632 676 2666 iu·
659 2634 729 2671 -⁰4‚
754 2632 890 2677 p..60)
913 2631 1101 2676 —Vo3ez
1123 2632 1355 2667 aussiArch.
1377 2637 1467 2671 nat..
1487 2632 1520 2667 J.
1545 2633 1624 2666 457
1646 2633 1740 2665 11⁰9.

395 2681 428 2714 2.
460 2680 499 2713 L‘
504 2679 699 2714 itineraire
722 2680 766 2713 (16
791 2679 965 2733 Philippe
986 2679 1019 2712 le
1036 2669 1105 2712 ‘Bel
1125 2680 1354 2724 (Hister-cens
1377 2678 1420 2713 de
1441 2680 1594 2716 Franco
1613 2679 1730 2714 XXII
1755 2679 1797 2712 44
1802 2679 1839 2722 3)

348 2727 493 2773 signale
517 2727 550 2760 le
573 2727 702 2772 sejour
723 2728 768 2761 de
790 2739 830 2761 ce
855 2727 985 2773 prince
1014 2740 1032 2760 a
1054 2726 1247 2760 Toulouse
1270 2728 1318 2760 du
1340 2729 1360 2762 3
1381 2740 1427 2760 au
1450 2728 1492 2761 20
1510 2726 1656 2771 janvier
1678 2727 1782 2760 1304.
1807 2726 1836 2759 ΙΙ

347 2782 445 2808 resta
469 2775 562 2808 dans
585 2780 680 2808 cette
705 2775 791 2808 ville
814 2787 858 2808 au
880 2774 1002 2808 moins
1028 2774 1153 2819 jusqu
1161 2787 1205 2808 au
1228 2777 1270 2808 22
1289 2774 1492 2819 (Baudoin
1517 2776 1654 2810 lettres
1681 2773 1836 2810 lne'dites

347 2822 390 2858 de
408 2822 581 2875 Philippe
601 2822 630 2856 le
649 2822 727 2864 Bel,
752 2822 872 2863 PariS‚
897 2823 998 2863 1887,
1022 2822 1121 2859 i11÷8⁰
1127 2849 1133 2862 ‚
1157 2831 1199 2855 no
1222 2823 1316 2869 187).
