1942 3242
412 209 471 243 11ss
504 209 925 243 RECUPERATIONE
955 208 1116 242 'l‘ERRE
1150 208 1348 242 SANCTE.
1581 210 1617 244 31

121 309 252 343 zatur
263 299 418 357 frater
445 316 578 354 meus,
602 317 688 343 non
710 301 931 343 comedam
963 316 1120 342 carnes
1140 303 1183 342 in
1211 309 1422 342 eternum.
1463 302 1620 344 Nonne

124 371 235 414 lator
270 357 450 414 can'onis
497 373 554 414 ob
605 372 689 414 hoc
732 371 968 414 salubriter
1005 379 1147 413 motus
1188 371 1247 413 ait
1280 371 1399 429 quod
1434 373 1620 430 Propter

122 444 382 486 scandalum
414 445 652 487 vittandum
688 443 792 500 fi'eri
819 443 940 485 debet
969 453 1008 484 et
1038 446 1175 485 omitti
1208 443 1418 501 quidquid
1449 443 1552 500 sieri
1581 454 1621 486 et

123 518 261 557 omitti
287 525 431 573 potest
482 519 576 557 sine
611 525 792 573 peccato
844 514 1035 556 mortali.
1088 514 1142 555 Et
1176 513 1281 556 alibi
1330 515 1375 556 in
1418 530 1615 557 canone:

122 587 279 628 Faciat
329 586 454 628 homo
482 603 568 644 pro
611 586 843 644 temporali
886 589 972 628 vica
1018 585 1204 627 hominis
1249 586 1468 628 salvanda
1508 588 1622 646 quod

114 667 263 716 potest
295 661 388 700 sine
423 658 677 700 detrimento
705 658 865 699 salutis
901 667 1061 699 eterne.
1108 656 1264 700 Nullus
1292 657 1408 699 enim
1435 666 1618 716 propter

123 728 255 771 alium
276 744 321 771 se
348 728 482 771 debet
514 729 732 786 subjicere
765 727 938 771 mortali
959 736 1156 786 peccato,
1182 744 1262 786 pro
1291 744 1378 787 quo
1406 745 1519 787 pena
1541 729 1617 772 de-

123 800 253 842 betur
274 808 439 843 eterna.

185 872 233 915 Si
253 888 360 931 ergo
387 871 641 915 scandalum
668 871 798 914 unius
825 871 974 913 villule
1000 871 1245 914 vittandum
1272 880 1353 923 est,
1388 880 1431 915 et
1452 873 1508 915 ob
1533 873 1618 915 hoc

125 943 372 986 faciendum
394 952 436 986 et
457 943 763 993 omittendum,
795 951 899 994 etc.‚
924 952 1088 1001 quanto
1119 943 1257 1002 magis
1284 953 1468 1002 propter
1498 961 1617 986 scan-

126 1015 271 1057 dalum
307 1015 461 1074 populi
491 1016 621 1058 unius
651 1015 869 1073 dyocesis,
906 1023 950 1056 et
976 1015 1114 1073 magis
1148 1015 1278 1057 unius
1305 1016 1546 1073 provincie,
1576 1024 1619 1058 et

126 1086 268 1129 adhuc
302 1087 438 1146 magis
475 1087 604 1130 unius
635 1087 799 1146 regni?
838 1087 1013 1140 Quanto
1043 1086 1181 1145 magis
1223 1095 1265 1128 et
1296 1088 1434 1146 magis
1472 1088 1619 1130 vittari

127 1157 259 1200 debet
285 1158 539 1200 scandalum
566 1158 701 1200 totius
732 1158 886 1216 populi
912 1157 1109 1200 Ecclesie
1137 1174 1315 1200 romane
1345 1159 1549 1217 subjecti,
1576 1168 1619 1201 et

126 1229 304 1272 infamia
330 1230 534 1271 omnibus
555 1230 830 1272 occasionem
851 1229 1053 1271 tribuens
1075 1228 1365 1288 delinquendi
1387 1231 1404 1272 P

185 1305 294 1355 [xxi]
323 1302 431 1356 Quis
462 1309 528 1343 est
555 1300 628 1344 ille
652 1302 727 1359 qui
748 1309 907 1343 statum
930 1309 1182 1359 presentem
1210 1310 1417 1359 expertus
1443 1302 1618 1344 univer-

126 1372 229 1415 salis
255 1373 456 1423 ecclesie,
487 1381 535 1429 et
547 1373 700 1415 videns
722 1373 767 1414 in
792 1373 1019 1431 premissis
1041 1381 1084 1414 et
1108 1373 1203 1415 aliis
1223 1373 1537 1424 inordinatum,
1562 1374 1617 1416 ob

125 1444 209 1486 hoc
245 1461 268 1487 a
307 1453 557 1487 sanctorum
591 1447 770 1487 Patrum
807 1444 993 1487 ecclesie
1030 1444 1260 1487 doctorum
1294 1445 1617 1503 discrepantem

128 1515 419 1567 documentis,
474 1532 563 1558 non
617 1517 858 1566 estimaret,
899 1516 1134 1559 reformato
1193 1525 1307 1559 statu
1359 1517 1617 1559 universalis

127 1587 311 1630 ecclesie
332 1588 565 1646 presertim
593 1589 637 1630 in
667 1588 911 1647 premissis,
939 1588 1161 1630 orationes
1190 1589 1380 1631 Domino
1405 1605 1485 1647 pro
1513 1590 1618 1631 sub-

127 1658 240 1701 sidio
268 1661 402 1702 Terre
435 1661 595 1702 Sancte
616 1660 700 1718 rpie
733 1659 1000 1719 generaliter
1033 1659 1339 1711 effundendas,
1372 1661 1496 1718 quasi
1524 1661 1618 1702 sine

127 1731 453 1788 comparatione
474 1731 574 1789 plus
596 1730 807 1789 prodesse
830 1747 960 1788 quam
987 1731 1094 1773 alias
1115 1732 1131 1774 Ρ
1160 1733 1273 1775 Vere
1301 1731 1354 1774 ad
1382 1748 1618 1790 recupera-

126 1801 292 1844 tionem
325 1811 368 1844 et
407 1803 786 1845 conservationem
826 1804 960 1844 Terre
994 1804 1153 1845 Sancte
1193 1803 1480 1861 requiruntur
1519 1820 1617 1846 ora-

125 1873 268 1915 tiones
291 1873 444 1916 devote
472 1873 758 1932 prelatorum,
784 1874 906 1924 cleri,
937 1882 980 1916 et
998 1874 1165 1932 populi.
1192 1875 1408 1928 Quoniam
1430 1875 1618 1917 humane

125 1944 239 1986 vires
265 1960 354 1986 non
381 1953 564 2003 possent
591 1944 808 1996 sufficere,
841 1961 922 1988 nec
952 1961 1070 1987 arma
1097 1954 1140 1987 et
1172 1946 1308 2005 gladii
1334 1947 1615 2005 temporales,

124 2024 383 2073 argumento
417 2017 596 2058 canonis
630 2033 717 2074 quo
752 2025 950 2059 cavetur:
982 2016 1230 2076 Aliquando
1237 2028 1421 2077 propter
1433 2029 1619 2077 peecata

117 2087 274 2145 populi
320 2088 454 2129 datur
498 2089 642 2130 malas
676 2092 883 2147 princeps
927 2099 967 2131 et
998 2090 1141 2131 malus
1170 2091 1372 2147 prelatus
1412 2090 1618 2148 quoniam

127 2157 332 2215 populus,
356 2158 634 2201 obstantibus
661 2160 869 2218 peccatis,
890 2177 978 2202 non
993 2169 1059 2202 est
1081 2161 1240 2220 dignus
1263 2162 1425 2204 habere
1454 2162 1617 2203 bonum

127 2229 373 2287 principem
411 2245 492 2272 nec
530 2231 694 2272 bonum
733 2231 980 2289 prelatum3
1022 2231 1076 2274 ad
1116 2232 1236 2290 quod
1270 2233 1511 2275 concordat
1549 2232 1619 2274 lex

127 2299 287 2349 divina,
325 2316 422 2342 cum
453 2301 564 2343 ait¹z
604 2303 791 2360 Propter
831 2291 1018 2360 peccata
1050 2305 1210 2362 populi
1238 2320 1425 2363 regnare
1450 2306 1618 2363 faciam

127 2371 415 2429 hypocritam.
469 2373 542 2415 Sic
570 2389 675 2432 ergo
702 2382 890 2432 possunt
917 2390 1011 2416 esse
1043 2383 1085 2416 et
1118 2384 1433 2433 presumuntur
1459 2375 1617 2433 prelati

127 2450 170 2484 et
190 2443 415 2500 principes
443 2443 560 2494 mali,
591 2459 689 2486 cum
716 2461 792 2486 eos
819 2445 956 2487 malos
983 2445 1197 2496 videmus,
1228 2455 1412 2505 propter
1438 2454 1618 2504 peccata

126 2514 311 2571 populi;
341 2523 384 2556 et
421 2515 623 2557 similiter
658 2515 810 2558 eadem
845 2517 1013 2559 ratione
1047 2518 1178 2559 immo
1213 2517 1385 2560 fortiori
1423 2518 1618 2560 creditur

126 2585 317 2643 populus
339 2586 478 2628 malus
502 2595 684 2644 propter
710 2596 889 2645 peccata
917 2596 960 2630 et
981 2589 1179 2647 exempla
1200 2590 1449 2647 perniciosa
1471 2589 1617 2647 prela-

176 2812 208 2846 1.
239 2809 324 2850 J0b‚
349 2810 515 2850 XXXIV,
540 2812 597 2845 30.
