1942 3242
233 229 293 262 DE
323 230 744 263 RECUPERATIONE
773 230 936 262 TERRE
966 230 1160 261 SANCTE.
1186 248 1224 252 —
1253 229 1543 261 APPENDICE.
1577 229 1636 260 '133

144 335 295 362 corum
325 328 369 362 et
395 320 664 378 prelatorum
697 320 959 379 congregari
988 328 1172 378 propter
1210 320 1327 361 hunc
1361 319 1492 361 finem
1519 318 1638 377 quod

143 391 459 450 provideantur
498 401 540 434 et
577 400 825 434 statuantur
869 407 918 433 ac
963 391 1068 433 fiant
1099 392 1245 433 omnia
1284 390 1555 432 neccessaria
1596 397 1639 431 et

144 462 421 504 conferencia
447 463 500 505 ad
529 463 925 521 recuperationem,
964 462 1357 512 conservationem,
1398 470 1441 503 et
1467 461 1638 503 felicem

145 534 510 592 gubernationem
538 536 673 577 Terre
701 536 877 584 Sancte,
902 550 989 575 non
1012 534 1152 575 solum
1179 542 1310 591 prout
1325 541 1567 591 tanguntur
1595 533 1639 574 in

147 605 332 663 epistola
353 621 466 663 pape
489 605 716 655 mittenda,
742 605 920 647 domino
942 605 1035 663 regi
1056 605 1214 646 tradita
1250 604 1366 662 apud
1387 604 1561 646 Chinon
1596 603 1639 644 in

148 676 258 719 festo
285 676 570 719 Ascensionis
597 677 774 719 Domini
808 693 950 734 nuper
979 677 1207 734 preterito,
1246 675 1323 717 sed
1354 675 1483 717 modo
1516 675 1641 732 quasi

148 749 242 791 sine
263 749 589 807 comparatione
611 748 797 798 meliori,
816 756 948 806 prout
969 748 1171 789 dominus
1193 764 1270 789 rex
1291 763 1387 789 cum
1401 747 1640 807 sapientio-

148 820 271 863 ribus
293 828 335 863 et
363 820 556 879 expertis
584 820 758 862 duxerit
777 819 1086 861 ordinandum.

209 972 257 1017 3.
292 971 415 1014 Ultra
436 986 539 1012 vero
567 959 772 1011 contenta
793 969 838 1010 in
867 968 981 1010 dicta
1003 967 1189 1025 epistola
1208 966 1382 1007 videtur
1403 965 1642 1023 expediens

149 1043 354 1085 ordinare
377 1041 510 1100 quod,
543 1040 821 1083 considerato
845 1041 943 1098 jure
981 1039 1099 1097 quod
1132 1038 1265 1080 habet
1302 1053 1378 1079 rex
1414 1036 1564 1079 Sicilie
1598 1036 1642 1077 in

151 1130 287 1174 regno
308 1113 547 1157 Jerusalem
568 1129 621 1155 ex
633 1112 894 1154 vendicione
917 1110 1147 1152 domicelle
1164 1110 1300 1152 Marie
1315 1108 1368 1150 de
1384 1108 1640 1158 Jerusalem,

150 1203 229 1245 per
257 1185 492 1228 concilium
514 1184 588 1226 fiat
621 1184 660 1226 ei
691 1184 804 1225 bona
839 1182 1189 1240 recompensatio
1212 1181 1324 1239 juris
1359 1189 1402 1221 et
1428 1181 1643 1237 impensa-

150 1274 262 1308 rum,
286 1257 387 1316 quia
414 1273 493 1315 per
515 1256 703 1297 barones
725 1254 850 1313 regni
873 1254 968 1303 fuit,
1000 1262 1047 1295 ut
1068 1253 1245 1302 dicitur,
1272 1251 1516 1310 judicatum
1537 1267 1643 1292 ven-

150 1329 368 1372 dicionem
395 1327 648 1385 hujusmodi
675 1342 762 1368 non
783 1334 952 1374 tenere,
978 1333 1021 1366 et
1041 1324 1165 1383 regni
1184 1326 1256 1381 jus
1277 1323 1331 1365 ad
1351 1339 1499 1381 regem
1521 1322 1644 1380 Cipri

151 1398 397 1460 spectare¹3
421 1399 479 1440 ita
501 1398 635 1456 quod,
660 1406 842 1456 propter
864 1398 1027 1438 bonum
1057 1411 1285 1438 commune
1307 1395 1442 1436 totius
1473 1393 1640 1443 mundi,

151 1473 205 1515 de
227 1470 533 1529 Hospitalariis
555 1478 598 1511 et
624 1469 719 1511 aliis
748 1469 979 1510 ordinibus
1007 1468 1063 1509 ob
1083 1469 1261 1509 Terram
1286 1468 1490 1509 Sanctam
1513 1474 1643 1507 statu-

150 1544 223 1593 tis,
258 1542 452 1600 exceptis
480 1541 757 1599 Templariis,
801 1540 874 1581 fiat
901 1539 1056 1581 unicus
1090 1538 1214 1587 ord0,
1245 1546 1288 1580 et
1322 1554 1472 1579 omnes
1506 1537 1644 1594 ipsius

151 1614 320 1657 ordinis
348 1613 653 1672 possessiones
681 1612 794 1653 circa
817 1614 995 1653 Terram
1027 1612 1228 1653 Sanctam
1252 1609 1319 1651 vel
1348 1609 1500 1650 saltem
1530 1609 1643 1650 circa

152 1687 333 1744 Ciprum
361 1692 522 1726 statute
543 1683 756 1726 adfirmas
777 1690 1013 1741 perpetuas
1031 1681 1130 1739 plus
1153 1680 1442 1722 offerentibus
1465 1680 1640 1721 dentur.

153 1759 245 1800 Rex
267 1757 390 1815 Cipri
416 1755 651 1798 inducatur
673 1754 726 1796 ad
754 1754 945 1796 dandum
967 1753 1113 1795 ordini
1141 1769 1185 1794 se
1214 1769 1311 1794 eum
1339 1751 1544 1793 omnibus
1571 1751 1644 1792 bo-

153 1829 220 1871 nis
243 1828 348 1878 suis,
375 1836 417 1869 et
439 1827 622 1869 maxime
647 1829 735 1884 jus,
761 1827 794 1867 si
819 1825 937 1884 quod
957 1825 1106 1874 habet,
1138 1824 1181 1866 in
1211 1839 1349 1882 regno
1375 1822 1642 1873 Jerusalem3

154 1909 196 1942 et
215 1901 481 1958 subrogetur
515 1898 612 1940 loeo
647 1898 863 1940 (lictorum
895 1896 1099 1938 ordinum
1127 1895 1288 1937 milicie
1328 1894 1489 1952 regalis
1517 1893 1642 1943 ordo,

154 1972 223 2014 cui
261 1971 508 2029 preferatur
536 1986 612 2012 rex
651 1969 792 2027 Cipri,
830 1977 876 2010 ut
912 1969 955 2010 in
999 1967 1115 2009 dicta
1142 1967 1328 2025 epistola
1365 1974 1564 2017 cavetur3
1604 1973 1646 2007 et

155 2043 393 2086 succedant
415 2042 486 2084 alii
510 2041 715 2083 catholici
733 2057 858 2099 reges
876 2039 1071 2098 religiosi
1094 2038 1333 2081 Jerusalem
1355 2046 1453 2096 post
1477 2038 1642 2095 ipsum;

155 2115 230 2173 qui
257 2130 334 2155 rex
360 2113 528 2155 ordinis
566 2129 694 2171 reges
727 2111 970 2160 Babilonis,
1014 2110 1151 2159 Acon,
1190 2118 1232 2151 et
1271 2109 1378 2151 alios
1407 2108 1646 2150 catholicos

154 2202 234 2244 pro
254 2186 343 2227 suis
370 2185 536 2226 viribus
554 2186 677 2241 juxta
709 2183 1042 2241 dispositionem
1082 2198 1193 2239 pape
1221 2181 1427 2239 regisque
1454 2182 1647 2222 Franco-

156 2273 251 2299 rum
280 2264 432 2298 contra
455 2255 654 2314 singulos
676 2254 876 2296 infideles
905 2262 947 2295 et
969 2253 1241 2295 scismaticos
1265 2254 1416 2310 juvare
1443 2267 1524 2309 pro
1543 2252 1648 2293 totis

156 2328 245 2370 suis
272 2327 439 2369 viribus
475 2335 692 2375 teneatur,
724 2334 767 2367 et
806 2325 860 2367 de
895 2325 1081 2383 singulis
1114 2324 1333 2366 thesauris
1367 2322 1556 2364 residuis
1584 2338 1647 2364 ra-

155 2400 319 2442 tionem
345 2414 427 2457 pro
448 2398 647 2456 quolibet
674 2414 788 2439 anno
815 2396 1018 2446 reddere,
1048 2396 1253 2438 videlicet
1274 2403 1490 2453 quatenus
1519 2410 1649 2452 supe-

157 2471 265 2513 rerit
283 2470 396 2512 ultra
434 2470 654 2528 impensas
680 2468 848 2510 ordinis
886 2467 1060 2526 regaliS,
1101 2475 1148 2508 ut
1181 2466 1336 2508 fratres
1375 2466 1559 2515 ordinis,
1597 2465 1650 2507 ad

159 2542 297 2584 instar
330 2541 440 2584 Jude
480 2540 586 2583 furis
630 2540 798 2582 loculos
838 2540 1068 2589 habentes,
1106 2554 1192 2580 non
1235 2538 1407 2597 possint
1450 2536 1648 2579 ordinem

209 2737 252 2772 1.“
271 2737 430 2772 charles
451 2738 499 2771 I‘f
520 2736 694 2781 d'Anjou,
729 2737 816 2782 p'erc
839 2737 886 2769 du
909 2747 975 2770 rex
995 2734 1124 2770 Sicilie
1162 2735 1253 2768 dont
1289 2734 1313 2768 il
1333 2739 1390 2767 est
1411 2733 1457 2767 ici
1476 2733 1651 2779 question

159 2784 338 2830 (Charles
358 2785 421 2830 ΙΙ),
455 2785 552 2818 avait
580 2785 709 2818 achete
748 2784 802 2816 les
836 2783 958 2817 droits
980 2784 1025 2817 de
1059 2782 1177 2817 Marie
1211 2781 1445 2817 d'Autiochev
1481 2781 1584 2814 nieee
1608 2782 1652 2813 de

162 2831 320 2881 Hugues
340 2832 407 2873 111,
431 2845 476 2868 au
496 2833 603 2869 trone
627 2832 671 2866 de
692 2831 916 2868 Jerusalem,

1664 981 1730 1008 D’un
1750 981 1829 1008 ordrv
1852 981 1910 1007 nni-

1699 1027 1778 1053 que,
1811 1017 1910 1053 place

1700 1063 1761 1080 sous
1779 1053 1803 1080 la
1828 1054 1912 1081 diret·-

1700 1090 1752 1117 tion
1771 1090 1805 1116 du
1826 1091 1864 1117 roi
1879 1091 1912 1116 de

1701 1127 1815 1162 Chypre,
1830 1135 1914 1162 roya-

1665 1163 1702 1191 lis
1724 1162 1805 1196 ordo,
