1942 3242
441 234 500 266 DE
531 228 950 265 RECUPERATIONE
981 227 1144 259 TERRE
1174 225 1374 258 SANCTE.
1594 223 1653 255 2103

223 328 362 380 [LXXI]
399 323 516 368 113.
552 320 683 376 Quod
703 335 780 362 rex
802 317 964 377 Sycilie
976 333 1056 375 per
1077 315 1344 374 prescriptas
1360 312 1654 372 provisiones¹

164 397 290 440 valde
319 410 477 454 magna
506 392 737 436 commoda
769 397 1068 447 consequatur
1094 388 1234 445 liquet
1267 385 1513 435 manifeste,
1545 400 1656 442 quo-

167 468 284 512 niam
312 482 500 526 regnum
521 463 763 508 Jerusalem
788 462 919 520 longe
941 468 984 502 et
1014 460 1059 501 in
1083 460 1350 501 immensum
1372 456 1473 514 plus
1496 455 1658 498 valebit

167 540 207 583 ei
250 555 383 598 quam
419 537 566 596 omn-ia
603 551 689 594 que
729 532 954 592 possidet;
988 530 1197 589 quoniam
1238 545 1390 570 omnes
1423 536 1541 570 terre
1575 527 1658 569 sub

167 626 313 654 annuo
341 624 476 652 censu
499 623 610 649 novo
628 612 840 665 poterunt
862 602 1103 653 committi;
1129 609 1170 643 et
1191 599 1456 642 defendetur
1472 614 1659 658 regnum

168 698 268 725 cum
297 681 426 723 bonis
445 678 814 737 Templariorum,
838 673 1252 733 Hospitalariorum‚
1271 678 1315 713 et
1336 670 1522 713 aliorum
1542 686 1662 728 pres-

168 753 439 812 criptorum3
470 749 753 808 recuperabit
783 755 826 790 et
849 761 1035 806 regnum
1068 743 1247 803 Syeilie,
1279 758 1415 802 regno
1449 741 1660 785 Sardanie

170 823 400 874 Federico,
425 830 474 865 ut
493 820 801 880 prescribitur,
824 818 1046 877 assignato
1068 824 1110 858 et
1137 815 1339 858 liberato.

232 965 348 1012 114.
384 966 479 1009 Rex
517 961 953 1011 etiam'Alemannie,
993 958 1251 1017 temporalis
1284 966 1327 1000 et
1359 956 1658 1005 transitorius,

172 1055 253 1098 pro
274 1055 320 1080 se
347 1045 391 1080 et
410 1036 653 1079 heredibus
675 1035 767 1077 suis
789 1041 1006 1092 perpetuo
1032 1046 1217 1090 regnum
1249 1029 1431 1072 habebit
1457 1044 1557 1070 curn
1586 1028 1661 1069 im-

169 1109 325 1170 periali
351 1109 536 1151 honore.

234 1252 351 1298 115.
381 1250 599 1294 Dominus
613 1249 744 1291 etiam
762 1247 966 1297 Karolus,
984 1248 1046 1288 sic
1066 1253 1283 1304 perpetuo
1305 1244 1467 1286 sedatis
1489 1243 1662 1302 guerris

172 1323 526 1367 christicolarum
555 1321 734 1363 domino
762 1315 874 1377 pape
891 1317 1211 1367 obedientium,
1237 1316 1290 1358 de
1318 1315 1450 1365 facili,
1480 1331 1560 1373 per
1580 1315 1662 1356 Dei

173 1395 382 1456 graciam,
415 1391 824 1450 Constantinopolis
845 1390 1080 1448 imperium
1110 1388 1273 1447 poterit
1294 1403 1511 1445 occupare
1539 1394 1582 1428 et
1609 1386 1662 1428 ad

173 1468 255 1509 hec
276 1476 548 1526 pugnatores
571 1462 839 1506 sufficientes
860 1462 1039 1511 habere,
1066 1460 1186 1520 quod
1213 1476 1300 1502 non
1333 1467 1398 1501 est
1424 1457 1663 1500 verisimile

173 1539 319 1598 ipsum
347 1537 452 1580 alias
478 1536 750 1578 habiturum.

236 1679 352 1726 116.
390 1681 487 1735 Que
509 1678 657 1721 omnia
680 1678 742 1719 sic
769 1693 982 1736 prospere
1013 1676 1108 1718 fieri
1134 1675 1370 1734 plusquam
1406 1674 1540 1715 scribi
1567 1689 1665 1731 pos—

174 1760 240 1794 set
279 1752 465 1794 interest
498 1758 540 1792 et
576 1749 778 1792 intererit
815 1748 983 1790 domini
1016 1747 1156 1789 nostri
1190 1746 1348 1788 summi
1383 1745 1500 1804 regis
1532 1747 1662 1787 Fran-

174 1839 342 1874 corum,
372 1823 615 1865 liberorum
644 1837 843 1870 suorum,
864 1820 1047 1862 fratrum
1071 1827 1113 1861 et
1132 1818 1268 1860 totius
1283 1817 1659 1875 sueposteritatis.

169 1895 279 1938 Nam
302 1910 382 1952 per
409 1893 591 1936 modum
619 1892 935 1951 prescriptum,
972 1892 1007 1932 si
1034 1890 1079 1932 id
1109 1906 1220 1948 opus
1255 1890 1368 1930 bene
1396 1888 1658 1947 applicetur,

169 1965 264 2024 ipse
285 1965 449 2023 poterit
467 1980 620 2007 omnes
649 1979 774 2022 reges
797 1974 840 2004 et
869 1962 1094 2020 principes
1129 1961 1315 2003 ecclesie
1343 1976 1523 2002 romane
1556 1959 1662 2001 obe-

172 2035 344 2078 dientes
365 2036 449 2078 sibi
471 2035 756 2077 confederare
782 2033 1074 2092 predictoque
1104 2032 1227 2074 fratri
1257 2047 1353 2081 suo,
1381 2031 1457 2089 qui
1480 2039 1662 2089 propter

169 2116 341 2151 tantum
371 2115 665 2166 conquestum
686 2106 862 2165 imperii
894 2106 1140 2148 Grecorum
1170 2104 1264 2146 sine
1293 2103 1552 2145 confusione
1592 2117 1660 2144 re-

219 2360 252 2393 1.
283 2356 549 2391 L'attribution
572 2358 620 2390 du
642 2369 820 2403 royaume
843 2357 887 2390 de
920 2356 1130 2390 Jerusalem
1150 2367 1195 2388 nu
1230 2355 1286 2389 roi
1308 2356 1353 2389 de
1375 2355 1485 2388 Sicile
1507 2366 1546 2387 se
1577 2367 1662 2388 ren-

172 2412 300 2440 contre
320 2404 366 2439 ici
386 2417 482 2450 pour
500 2405 533 2438 la
556 2405 739 2450 premiere
756 2404 842 2443 fois,
861 2410 898 2437 et
913 2404 1123 2449 cependant
1138 2402 1284 2436 Dubois
1305 2402 1447 2436 semble
1467 2403 1558 2435 faire
1572 2402 1661 2435 allu-

172 2454 256 2487 sion
275 2454 292 2486 ἐι
310 2465 359 2486 un
380 2463 541 2498 passage
564 2453 766 2497 pre'cedent
785 2453 829 2485 de
844 2464 912 2484 sou
930 2451 1123 2484 memoire.
1157 2450 1300 2484 L'Hist.
1317 2449 1495 2484 litteraire
1509 2449 1659 2494 (XXVI,

172 2514 208 2546 p.
232 2501 316 2546 481)
337 2500 412 2533 voit
433 2501 463 2533 Ιέι
487 2499 519 2533 la
542 2511 680 2544 preuve
703 2500 789 2532 d'un
812 2499 1082 2533 remaniement
1116 2499 1160 2532 de
1184 2499 1373 2542 l'ouvrage
1393 2511 1398 2530 :
1425 2511 1443 2530 «
1466 2498 1661 2530 peut-&tre

171 2548 424 2594 l'exemplaire
447 2548 493 2580 du
516 2549 566 2581 De
587 2546 865 2594 recuperatione
887 2546 1033 2580 destine
1055 2558 1101 2579 au
1123 2546 1179 2579 roi
1220 2547 1265 2579 de
1286 2546 1427 2579 Frauce
1448 2545 1588 2578 avait-il
1613 2557 1659 2577 un

172 2595 484 2641 de'veloppement
498 2607 563 2628 sur
583 2606 623 2628 ce
637 2595 745 2639 sujet,
762 2593 1074 2640 developpemeut
1092 2606 1163 2639 que
1179 2594 1338 2627 l'auteur
1359 2604 1447 2626 aura
1464 2592 1662 2625 retranclie

170 2643 264 2677 daus
283 2642 535 2689 l’exemplaire
557 2642 712 2675 adt-esse
734 2642 754 2675 a
775 2641 953 2675 Edouard
975 2641 1036 2681 10¹⁸,
1059 2647 1140 2674 tout
1160 2654 1205 2675 eu
1228 2641 1386 2675 laissant
1406 2639 1595 2673 subsister-
1616 2653 1661 2672 au

173 2703 204 2724 c.
226 2703 307 2724 Lxxl
327 2703 399 2724 une
431 2690 567 2736 phrase
589 2689 651 2736 qui
681 2689 735 2734 s'y
765 2689 976 2734 rapportait
997 2702 1030 2722 ».
1063 2688 1169 2722 Nous
1199 2701 1363 2734 croyons
1397 2688 1519 2733 plutot
1549 2687 1568 2719 a
1591 2699 1661 2719 une

172 2737 435 2772 inadvertance
458 2738 504 2771 du
527 2737 671 2782 copiste
693 2737 738 2770 de
760 2742 868 2770 notre
890 2749 959 2770 ms.
983 2736 1134 2782 unique,
1158 2736 1221 2782 qui
1243 2748 1332 2769 aura
1354 2735 1449 2768 omis
1469 2735 1502 2768 la
1525 2735 1661 2779 phrase

174 2786 234 2823 οὺ,
262 2787 448 2829 peut-etro
460 2796 546 2818 vers
560 2785 591 2817 la
607 2785 656 2818 fin
670 2785 718 2817 du
731 2785 748 2825 ,S
761 2786 839 2822 103,
856 2783 1002 2818 Dubois
1016 2783 1152 2829 parlait
1167 2785 1212 2817 ‹le
1235 2784 1267 2817 la
1281 2782 1454 2816 nouvelle
1470 2793 1660 2815 couronne

175 2832 263 2884 qu'il
286 2832 464 2870 destinuit
479 2845 525 2870 au
547 2832 602 2868 roi
623 2833 667 2870 de
687 2832 811 2868 Sirile.
835 2852 876 2857 —
898 2831 954 2867 Cf,
980 2831 1197 2867 ci-dessous
1220 2830 1445 2882 Appendice,
1470 2831 1486 2873 ξ
1507 2831 1539 2865 3.

1683 967 1706 993 le
1728 967 1765 993 roi
1785 966 1929 992 d'Allema-

1718 1012 1769 1037 gne
1782 1008 1808 1029 ct

1683 1254 1744 1279 (llum
1754 1253 1791 1279 les
1801 1253 1926 1279 ‹levalois
