1942 3242
343 231 403 265 128
895 231 1078 266 PIERRE
1110 232 1300 268 DUBOIS.

343 333 487 365 tentes
522 333 566 365 et
596 322 803 374 confessi,
840 323 1101 382 impendant
1133 324 1298 367 ibidem
1328 341 1414 383 que
1450 324 1685 367 restituere
1734 340 1836 383 qua-

340 410 516 453 cunque
544 411 597 437 ex
616 410 745 437 causa
768 405 1042 446 tenerentur,
1064 395 1151 438 illis
1170 395 1332 455 quibus
1349 407 1557 438 tenentur
1577 395 1832 454 profutura3

341 466 401 507 sic
421 482 574 508 omnes
602 466 932 526 indulgenciam
955 468 1185 518 haberent,
1218 467 1416 510 omnium
1441 483 1573 526 opera
1594 483 1834 526 pugneque

338 538 618 596 prodessent,
647 538 890 597 proculque
918 539 1160 597 pelleretur
1192 539 1333 581 hostis
1365 539 1589 598 antiquus,
1625 538 1700 598 qui
1726 538 1834 581 tales

338 609 529 652 maculas
551 609 736 669 scriptas
758 610 905 661 habet,
939 627 1090 653 earum
1122 611 1366 654 delecturas
1387 610 1574 669 impedit
1606 622 1649 653 et
1668 609 1830 660 differt,

337 693 472 739 prout
498 681 637 741 magis
665 693 828 740 potest,
858 698 913 724 ne
942 682 1087 725 anime
1121 682 1303 741 laqueos
1331 684 1426 740 ejus
1455 682 1652 724 evadant.
1689 682 1832 724 Credo

337 752 524 796 firmiter
561 753 681 812 quod
709 753 890 813 singuli,
927 753 1253 812 predicationes
1289 754 1520 797 audientes
1550 769 1648 796 cum
1689 752 1831 796 indul·

335 825 489 884 gencia
509 824 671 884 papali,
704 825 884 867 domino
911 825 1005 885 regi
1029 837 1171 868 totum
1193 825 1440 868 remittent.

396 896 442 940 Si
470 896 545 955 qui
573 913 675 939 vero
704 896 883 947 fuerint,
910 896 1123 939 duriciam
1140 897 1383 940 Pharaonis
1403 897 1642 947 imitantes,
1669 895 1743 954 qui
1767 912 1830 938 re·

335 967 510 1010 mittere
533 968 689 1019 nolint,
715 967 757 1010 in
781 967 916 1010 dubio
945 968 979 1010 si
1003 968 1111 1026 quid
1138 969 1238 1027 plus
1269 968 1419 1011 debito
1449 968 1501 1010 de
1536 985 1616 1010 suo
1638 968 1828 1010 levatum

334 1039 483 1091 fuerit,
525 1055 605 1098 per
638 1039 720 1082 loci
756 1039 1051 1097 justiciarium
1092 1040 1302 1099 regalem,
1352 1040 1406 1082 ad
1444 1041 1527 1082 hoc
1553 1050 1824 1098 presentem,

333 1127 431 1154 cum
454 1111 602 1170 aliquo
643 1110 889 1169 specialiter
919 1111 973 1153 ad
1005 1112 1088 1154 hoc
1115 1111 1327 1171 deputato
1362 1111 1611 1154 scribantur
1650 1110 1827 1154 nomina

333 1199 422 1226 non
443 1182 781 1234 remittentium,
808 1183 917 1241 quid
937 1194 1110 1241 petunt,
1143 1195 1187 1226 et
1209 1200 1261 1226 ex
1288 1183 1450 1242 quibus
1472 1182 1630 1234 causis,
1656 1194 1704 1225 ut
1726 1198 1827 1241 qua-

304 1255 453 1298 >tinus
491 1271 653 1314 equum
691 1266 734 1297 et
755 1256 927 1312 justum
960 1254 1102 1297 visum
1148 1255 1282 1297 fuerit
1322 1255 1583 1298 restituatur
1627 1254 1823 1305 eisdem3

332 1326 541 1386 quoniam
570 1326 718 1369 nullus
750 1326 882 1368 debet
911 1326 1117 1385 compelli
1151 1326 1204 1369 ad
1240 1326 1558 1369 remittendum
1598 1336 1641 1368 et
1678 1324 1825 1368 subsi-

334 1398 455 1442 dium
485 1401 620 1442 Terre
643 1400 801 1442 Sancte
821 1397 1085 1440 faciendum.

61 1551 312 1588 Elogedelaan·
391 1546 598 1596 [LXXXIII]
647 1541 765 1587 139.
798 1542 908 1583 Cum
939 1552 1085 1583 autem
1115 1539 1274 1582 milicia
1295 1539 1419 1599 regni
1447 1542 1715 1583 Francorum
1735 1538 1823 1581 fue-

95 1591 310 1661 Zsst's‘affiiss
333 1613 389 1656 rit
408 1614 620 1656 hactenus
649 1625 692 1655 et
722 1613 814 1655 fore
843 1612 1037 1671 presumi
1066 1611 1224 1654 debeat
1265 1612 1307 1653 in
1336 1612 1535 1654 futurum
1567 1610 1823 1670 principalis

95 1670 145 1723 {3¹¹}
167 1661 310 1731 lsilsriiingf
333 1685 561 1746 magisque
590 1684 819 1735 durabilis,
856 1701 984 1727 causa
1023 1683 1372 1742 recuperationis
1407 1695 1451 1725 et
1479 1682 1822 1726 conservationis

95 1733 309 1806 ξὲζῃῗέἕέζξὲἷ
329 1760 464 1801 Terre
494 1759 680 1809 Sancte3
718 1772 803 1815 que
832 1755 993 1798 milicia
1019 1755 1090 1798 vix
1123 1755 1287 1797 ibidem
1317 1766 1579 1805 remaneret,
1615 1754 1650 1796 si
1678 1753 1820 1796 domi-

95 1813 287 1851 eniersme'
327 1845 410 1871 nus
444 1845 535 1883 rex,
567 1828 688 1887 quod
723 1827 852 1878 absit,
884 1826 944 1869 ibi
980 1827 1228 1877 decederet,
1268 1837 1401 1885 prout
1439 1825 1624 1885 contigit
1659 1826 1817 1868 Sancto

327 1901 546 1944 Ludovico
579 1900 764 1950 ibidem,
800 1898 867 1942 vel
896 1899 941 1941 in
975 1898 1041 1941 via
1088 1898 1142 1941 ad
1181 1898 1422 1941 Dominum
1463 1897 1814 1956 transmigraret,

324 1972 391 2015 vel
423 1972 458 2015 si
480 1988 532 2015 ex
565 1972 647 2015 alia
685 1988 813 2014 causa
852 1987 928 2013 rex
950 1970 1140 2023 rediret3
1176 1969 1338 2012 idcirco
1370 1968 1659 2028 probabiliter
1690 1984 1815 2027 expe-

325 2043 450 2087 diens
485 2045 577 2086 fore
608 2043 811 2103 cogitavi,
850 2042 1081 2085 dominum
1111 2058 1260 2101 regem
1293 2052 1335 2083 et
1363 2043 1457 2100 ejus
1485 2040 1622 2083 filium
1654 2039 1815 2099 primo-

323 2116 523 2175 genitum
563 2131 847 2158 remansuros
883 2125 932 2156 ut
967 2125 1122 2156 vacent
1155 2113 1360 2173 regimini
1394 2112 1536 2171 regni,
1574 2112 1814 2154 liberorum

322 2186 637 2246 procreationi,
662 2186 912 2229 educationi
942 2197 985 2228 et
1020 2185 1234 2235 doctrine,
1267 2195 1309 2226 et
1341 2183 1582 2242 provisioni
1615 2182 1814 2226 annualis

323 2258 527 2309 subsidii,
558 2269 691 2317 prout
724 2273 927 2300 neccesse
965 2256 1112 2307 fuerit,
1163 2256 1275 2298 ultra
1304 2271 1421 2298 mare
1452 2254 1669 2297 mittendi.
1705 2255 1812 2297 Nam

321 2342 504 2389 propter
525 2330 745 2388 predictos
762 2340 1032 2387 conquestus
1055 2339 1097 2370 et
1118 2327 1222 2369 alias
1247 2327 1405 2369 multas
1418 2326 1564 2368 civiles
1581 2326 1670 2384 (sic)
1687 2341 1812 2383 expe-

322 2402 437 2444 diret
463 2401 692 2444 dominum
717 2417 865 2460 regem
890 2411 931 2442 et
958 2402 1052 2458 ejus
1069 2398 1207 2441 filium
1233 2398 1306 2440 diu
1325 2398 1468 2440 vivere
1490 2397 1532 2439 in
1554 2413 1690 2456 regno
1713 2412 1807 2446 su0‚

322 2473 481 2516 morari
510 2473 674 2515 ibidem
704 2472 841 2531 magis
871 2487 1001 2530 quam
1023 2470 1143 2521 alibi,
1175 2470 1305 2512 etiam
1329 2486 1466 2527 prope
1489 2468 1683 2512 Parisius
1705 2466 1809 2508 libe—

318 2651 360 2686 fit
378 2664 423 2685 en
448 2652 534 2687 1247
558 2663 628 2685 une
651 2656 752 2684 sorte
775 2650 964 2683 d'examen
976 2650 1020 2683 de
1044 2649 1264 2683 conscience
1289 2649 1334 2683 de
1357 2661 1425 2682 son
1447 2645 1750 2683 administration
1773 2651 1809 2679 et

318 2699 437 2733 forma
460 2700 525 2733 des
547 2697 813 2733 eommissions
830 2698 1027 2744 d'enquete
1050 2697 1231 2743 chargees
1252 2696 1382 2730 d'aller
1403 2707 1470 2741 par
1492 2699 1592 2728 toute
1610 2693 1642 2727 la
1666 2693 1808 2727 France

318 2747 531 2781 s'informer
553 2746 618 2780 des
642 2745 837 2792 injustices
857 2758 941 2792 que,
964 2758 1032 2791 par
1054 2743 1248 2778 lui-meme
1264 2757 1313 2777 ou
1329 2754 1396 2789 par
1415 2753 1475 2776 ses
1495 2746 1639 2788 agentS,
1664 2741 1687 2774 il
1711 2741 1809 2775 avait

316 2808 366 2840 pu
379 2799 610 2830 commettre.
629 2794 702 2827 Les
719 2794 866 2827 cahiers
883 2794 948 2827 des
966 2795 1193 2839 enqueteurs
1210 2792 1254 2826 de
1271 2791 1373 2825 Saint
1390 2789 1507 2824 Louis
1526 2787 1808 2834 serontpublies

314 2842 407 2877 dans
427 2843 459 2877 le
488 2849 586 2876 tome
608 2841 727 2876 XXIV
750 2841 816 2875 des
839 2840 1047 2875 Historiens
1070 2838 1113 2874 de
1147 2840 1301 2874 France.
1335 2857 1378 2864 --
1410 2838 1467 2872 Cf.
1491 2837 1690 2877 ci-dessus,
1712 2849 1748 2882 p.
1774 2835 1806 2871 7.
