1942 3242
365 212 424 245 DE
455 211 877 245 RECUPERATIONE
908 210 1070 243 TERRE
1102 210 1301 243 SANCTE.
1562 210 1580 242 3

91 310 277 361 Sancte3
319 308 374 350 de
411 308 572 366 quibus
600 308 657 349 ob
692 307 805 349 hanc
835 322 1008 349 causam
1041 305 1096 348 ad
1125 306 1263 348 instar
1300 308 1581 349 Tartarorum

89 381 317 431 exierunt3
349 379 402 421 de
425 379 584 437 quibus
611 378 760 438 regnis
783 378 869 420 cito
890 387 934 420 et
955 377 1008 419 de
1031 377 1147 420 facili
1175 393 1379 437 magnum
1401 394 1581 420 succur-

90 467 185 494 sum
200 459 244 494 et
264 450 531 493 confluctum
551 449 816 508 populorum
838 449 1080 500 habebunt,
1106 449 1143 491 si
1161 449 1246 508 ipsi
1265 449 1376 491 forte
1398 458 1582 491 mortem

89 524 312 574 timentes,
359 521 540 581 regibus
590 529 633 563 et
677 521 956 579 principibus
999 521 1174 571 vestris,
1229 521 1353 562 vobis
1399 529 1442 563 et
1486 521 1583 563 aliis

91 594 264 645 cedant,
289 592 621 636 considerantes
641 593 776 650 ipsos,
796 600 928 651 prout
943 592 1048 634 alias
1065 591 1314 642 audierunt,
1335 592 1388 634 ad
1403 593 1581 651 propria

91 666 178 708 cito
216 681 486 714 reversuros,
526 664 613 722 ipsi
651 663 860 707 Saraceni
896 663 1042 705 statim
1083 672 1184 722 post
1217 679 1440 706 recessum
1474 663 1584 706 fero-

92 738 234 780 ciores
255 745 299 779 et
325 737 370 778 in
397 735 554 793 majori
580 735 863 777 multitudine
884 734 1110 785 redibunt,
1142 743 1189 777 ut
1216 735 1485 777 interficiant
1512 752 1585 778 su-

91 808 299 867 perstites
327 816 370 849 et
403 806 638 849 dulcedine
665 815 782 848 terre
812 806 1055 864 potiantur,
1091 806 1405 866 instigantibus
1434 806 1585 849 demo-

93 880 240 930 nibus,
265 879 339 937 qui
367 878 498 921 etiam
518 878 721 919 habitant
747 877 960 919 libentius
986 877 1031 919 in
1059 877 1133 919 illa
1158 885 1276 920 terra
1304 894 1433 936 quam
1462 878 1583 928 alibi,

92 959 141 993 ut
158 950 332 992 videtur
349 965 429 1008 per
449 949 533 991 hoc
555 948 675 1007 quod
693 964 793 991 cum
815 948 878 991 ibi
894 964 1048 991 curare
1068 948 1200 991 vellet
1215 950 1430 992 Dominus
1452 965 1587 992 unum

93 1023 169 1080 qui
214 1038 237 1064 a
280 1021 439 1080 spiritu
475 1020 699 1062 immondo
738 1020 991 1070 vexabatur,
1034 1019 1220 1078 loquens
1261 1020 1345 1075 [ad]
1385 1021 1587 1080 spiritum

94 1092 221 1135 dixit¹
247 1109 256 1135 :
297 1093 425 1150 Quod
448 1102 512 1134 est
548 1092 625 1134 tibi
647 1094 841 1133 nomen?
869 1091 955 1145 Qui
982 1091 1241 1150 respondit:
1273 1094 1408 1150 Legio
1431 1109 1587 1135 nomen

93 1164 223 1207 michi
247 1174 324 1214 est,
355 1167 559 1223 quoniam
588 1163 710 1205 multi
729 1179 896 1213 sumus,
929 1162 1109 1205 dicens:
1135 1164 1332 1214 Domine,
1358 1181 1412 1206 ne
1439 1167 1588 1207 mittas

94 1253 170 1278 nos
205 1242 250 1277 in
283 1238 502 1293 regionem
537 1236 832 1293 longinquam,
868 1235 946 1276 sed
976 1238 1020 1276 in
1050 1251 1214 1293 porcos
1248 1251 1435 1293 quorum
1462 1235 1588 1278 valde

95 1322 278 1366 magnus
311 1322 419 1365 grex
451 1314 544 1348 erat
577 1307 699 1364 juxta
735 1305 908 1358 locum;
946 1306 1021 1363 qui
1047 1306 1170 1348 missi
1203 1307 1247 1348 in
1286 1323 1444 1365 porcos
1474 1307 1588 1350 feee-

94 1386 198 1421 runt
227 1394 378 1420 eorum
415 1377 743 1420 multitudinem
774 1377 920 1419 furere
953 1385 996 1419 et
1033 1378 1076 1419 in
1116 1394 1233 1420 mare
1261 1379 1507 1436 proximum
1543 1395 1589 1421 se

94 1450 377 1508 precipitare.

153 1523 252 1564 Non
274 1519 438 1579 poterit
464 1535 571 1578 ergo
591 1527 709 1561 terra
731 1519 804 1562 illa
823 1519 905 1562 nisi
930 1536 1008 1578 per
1036 1521 1365 1564 multitudinem
1387 1538 1588 1581 magnam

95 1593 316 1651 occupari,
353 1607 435 1633 nec
468 1599 679 1649 occupata
713 1592 892 1633 servari.

154 1668 239 1718 [111]
273 1663 341 1705 Ad
367 1663 452 1704 hoc
479 1662 598 1721 quod
622 1670 743 1715 tanta
772 1662 1008 1705 multitudo
1037 1663 1221 1706 ducatur
1243 1664 1347 1707 illuc
1375 1673 1418 1708 et
1440 1665 1583 1716 duret,

95 1735 350 1794 opportebit
383 1734 608 1792 principes
642 1734 882 1776 catholicos
911 1732 1159 1777 concordes
1189 1752 1285 1778 esse
1315 1745 1358 1778 et
1394 1737 1510 1779 inter
1540 1754 1585 1780 se

96 1822 277 1866 guerras
304 1821 392 1847 non
419 1805 611 1856 habere3
643 1805 849 1863 quoniam
878 1806 914 1847 si
948 1806 1009 1848 ibi
1043 1806 1282 1848 existentes
1317 1823 1416 1850 suas
1443 1817 1584 1851 terras

98 1877 299 1920 audirent
320 1876 532 1918 debellari
558 1884 601 1918 et
622 1876 806 1926 destrui,
832 1876 1011 1918 dimissa
1032 1877 1278 1920 hereditate
1300 1880 1495 1930 Domini,
1521 1897 1585 1923 re-

98 1948 244 1990 dirent
269 1947 323 1989 ad
348 1947 574 2004 propriam
600 1955 647 1988 ut
678 1963 771 1989 eam
801 1947 1106 1998 defenderent,
1138 1958 1270 2007 prout
1296 1950 1400 1992 olim
1428 1952 1589 1994 multo-

99 2019 219 2061 ciens
241 2018 427 2077 contigit
448 2017 627 2060 ibidem.
655 2018 825 2060 Idcirco
847 2019 963 2061 inter
984 2019 1224 2062 catholicos
1245 2037 1412 2073 omnes,
1438 2023 1591 2065 saltem

100 2089 285 2132 ecclesie
319 2104 498 2131 romane
538 2089 819 2140 obedientes,
851 2106 1003 2148 pacem
1040 2091 1203 2133 firmari
1231 2093 1378 2135 taliter
1414 2094 1593 2152 expedit

101 2160 219 2219 quod
245 2176 331 2202 una
359 2160 414 2202 sit
442 2160 706 2218 respublica,
733 2161 794 2202 sic
816 2161 989 2204 fortiter
1011 2163 1133 2204 unita
1161 2163 1280 2221 quod
1308 2181 1396 2207 non
1426 2165 1594 2208 divida-

99 2241 197 2275 tur:
243 2232 358 2289 Quia
389 2248 511 2274 omne
543 2247 724 2290 regnum
757 2236 800 2274 in
833 2249 879 2274 se
911 2234 1108 2287 divisum,
1142 2235 1427 2290 desolabitur,
1459 2245 1506 2279 ut
1535 2238 1594 2280 ait

103 2303 328 2354 Salvator,
359 2310 402 2344 et
430 2303 466 2344 si
494 2302 729 2354 dividatur,
761 2304 938 2362 expedit
965 2321 1044 2362 per
1072 2305 1184 2347 hanc
1215 2306 1475 2350 divisionem
1517 2309 1594 2351 de-

103 2390 219 2416 mum
241 2373 467 2416 fortificari
488 2375 623 2416 Terre
653 2376 814 2417 Sancte
835 2375 1085 2426 tuitionem,
1110 2385 1158 2418 ut
1173 2377 1286 2419 infra
1309 2380 1554 2437 apparebit.

161 2445 360 2490 Vidimus
388 2445 504 2487 enim
533 2445 651 2503 quod
676 2445 909 2488 Alemanni
931 2454 973 2488 et
996 2449 1207 2506 Hyspani‚
1234 2448 1337 2491 licet
1358 2450 1596 2493 bellatores

104 2516 261 2567 incliti,
286 2524 468 2575 propter
491 2515 640 2558 solitas
663 2532 842 2559 suorum
858 2534 1095 2576 regnorum
1111 2522 1410 2578 guerras,jam
1425 2522 1597 2580 pridem

106 2595 333 2630 cessarunt
360 2595 402 2629 et
428 2603 516 2629 non
537 2595 778 2645 potuerunt
798 2590 933 2631 Terre
964 2590 1124 2632 Sancte
1151 2591 1401 2634 subvenire.
1428 2595 1598 2636 Guerre

107 2658 423 2701 catholicorum
446 2659 561 2700 inter
588 2674 634 2700 se
662 2666 763 2700 sunt
784 2660 989 2717 pessime,
1021 2661 1227 2718 quoniam
1249 2663 1373 2705 multi
1403 2665 1598 2707 moriun-

158 2814 189 2847 1.
222 2812 338 2853 Marc,
361 2812 406 2853 V,
430 2813 533 2847 8-13.

1608 1687 1645 1713 La
1655 1682 1787 1720 premiere
1798 1689 1860 1707 eon-

1643 1721 1724 1747 ‹lition
1743 1718 1779 1744 du
1801 1725 1860 1743 suc-

1642 1760 1700 1790 ces,
1732 1754 1798 1781 c’est
1834 1751 1861 1778 la

1641 1793 1700 1829 paix
1709 1790 1742 1817 de
1752 1790 1778 1817 la
1786 1788 1862 1815 chre-

1640 1829 1731 1862 tiente,
