1942 3242
407 214 466 246 DE
496 212 920 246 RECUPERATIONE
948 211 1111 245 TERRE
1140 211 1332 245 SANCTE.
1556 209 1617 242 123

125 301 389 362 pensatione
410 301 616 362 gravatis,
641 314 685 346 et
711 318 799 346 non
827 301 1128 362 gravantibus,
1155 300 1502 345 misericorditer
1539 301 1616 344 de-

124 374 313 417 leantur.

185 521 353 571 [Lxxxl]
391 517 506 564 135.
559 519 624 561 Ex
657 516 958 560 subtractione
998 515 1135 559 debiti
1169 515 1342 558 servicii
1390 530 1614 558 armorum

124 588 394 648 processisse
414 588 589 632 videtur
612 588 895 639 neccessitas,
924 587 959 631 si
987 603 1072 646 qua
1101 587 1199 639 fuit,
1229 586 1466 645 peccunias
1490 586 1613 646 regni

126 659 350 710 mutandi,
389 677 469 718 per
490 677 622 719 quam
645 676 799 703 omnes
826 659 872 702 in
897 670 1034 719 regno
1061 658 1262 702 redditus
1299 669 1343 700 et
1377 658 1615 717 pensiones

123 731 437 790 peccuniarum
460 732 690 782 habentes,
716 748 866 774 earum
887 731 1032 790 primo
1061 742 1261 790 quartam
1292 741 1480 789 partem,
1510 746 1615 788 pos-

124 813 192 845 tea
213 802 412 854 terciam,
434 803 595 846 deinde
623 803 868 854 dimidiam,
902 814 946 846 et
973 802 1131 845 ultimo
1159 802 1268 845 duas
1292 813 1440 860 partes
1463 801 1615 844 amise-

124 885 294 918 serunt.
336 875 429 934 Ego
466 875 660 934 scriptor
698 874 973 934 presentium
1012 875 1102 917 scio
1137 890 1205 916 me
1245 873 1446 932 quolibet
1482 889 1613 924 anno,

124 945 236 988 sacta
265 946 514 997 collatione,
546 947 791 989 secundum
816 946 916 1005 plus
938 957 981 988 et
1003 945 1148 989 minus
1171 945 1304 989 unius
1334 945 1389 988 ad
1410 945 1613 996 alterum,

123 1033 202 1076 per
247 1018 331 1060 hoc
376 1018 430 1060 ad
471 1017 633 1069 minus,
673 1029 909 1077 postquam
951 1028 1167 1077 ceperunt
1194 1017 1357 1060 mutari
1382 1016 1613 1076 peccunie,

126 1088 392 1149 quingentas
411 1089 546 1132 libras
567 1089 877 1132 turonensium
898 1088 1138 1133 amisisse¹.
1163 1090 1218 1132 Et
1237 1088 1386 1140 credo,
1410 1087 1617 1131 omnibus

125 1160 434 1212 consideratis,
466 1161 697 1204 dominum
725 1154 877 1221 re‘gem
906 1177 987 1220 per
1016 1162 1100 1204 hoc
1128 1159 1327 1203 amisisse
1359 1171 1403 1203 et
1435 1160 1617 1203 amissu-

123 1249 222 1275 rum
245 1232 377 1292 longe
406 1233 522 1275 ultra
550 1233 695 1275 omnia
730 1233 961 1275 commoda
993 1249 1079 1292 que
1106 1249 1159 1276 ex
1186 1232 1338 1275 eadem
1373 1231 1617 1275 mutatione

123 1315 423 1362 pervenerunt
444 1304 499 1346 ad
520 1305 665 1363 ipsum
689 1316 732 1347 et
750 1303 1012 1363 pervenient
1038 1304 1168 1347 modo
1200 1303 1401 1363 quolibet
1430 1303 1474 1346 in
1495 1303 1616 1347 futu-

123 1391 248 1427 rum3
281 1391 361 1434 per
382 1392 513 1434 quam
541 1377 832 1418 mutationem
862 1387 1032 1419 tantum
1064 1376 1201 1419 crevit
1237 1392 1386 1419 rerum
1418 1375 1616 1418 omniurn

124 1446 314 1498 caristia,
340 1447 460 1506 quod
485 1446 722 1490 verisimile
753 1459 820 1490 est
846 1448 1098 1507 generalem
1127 1464 1275 1491 rerum
1310 1464 1529 1490 annonam
1562 1447 1618 1490 ad

124 1529 285 1560 statum
330 1518 567 1577 pristinum
613 1519 657 1561 in
695 1530 924 1578 posterum
963 1519 1117 1562 reduci
1155 1535 1243 1562 non
1281 1536 1426 1578 posse.
1471 1521 1616 1578 Super

124 1591 251 1647 cujus
280 1590 498 1649 generalis
526 1590 706 1649 dampni
734 1590 959 1633 refusione
993 1591 1160 1650 populo
1188 1590 1403 1642 facienda,
1440 1590 1616 1650 expedi-

124 1671 191 1702 ret
216 1660 417 1703 laborare
447 1661 510 1704 eis
549 1661 784 1720 quitalem
806 1662 1125 1720 peccuniarum
1154 1662 1445 1706 mutationem
1474 1674 1518 1705 et
1544 1663 1615 1705 de-

123 1731 453 1774 teriorationem
482 1733 698 1784 fecerunt,
731 1734 1056 1776 consuluerunt
1092 1746 1135 1776 et
1148 1746 1448 1793 procurarunt
1463 1746 1615 1777 contra

118 1805 195 1862 jus
226 1819 478 1855 commune,
519 1816 681 1847 statuta
720 1816 763 1847 et
802 1805 1148 1848 consuetudines
1185 1806 1311 1866 regni
1343 1808 1614 1850 Francorum

123 1876 338 1918 hactenus
366 1877 629 1934 approbatas
650 1887 693 1919 et
715 1887 922 1928 servatas,
946 1894 1026 1936 per
1046 1889 1221 1936 tempus
1249 1894 1271 1920 a
1293 1894 1381 1937 quo
1403 1877 1614 1920 memoria

125 1962 212 1988 non
238 1946 387 1989 existit
413 1964 558 2006 neque
580 1947 663 1990 fuit
688 1948 935 1991 viventibus
963 1949 1038 2007 qui
1062 1965 1181 1992 nunc
1207 1961 1310 1992 sunt
1338 1949 1610 1992 hominibus.

124 2018 262 2076 Cujus
290 2018 351 2060 rei
373 2018 548 2076 plenam
579 2018 807 2062 veritatem
836 2020 1014 2078 expedit
1049 2021 1280 2079 pervenire
1317 2021 1372 2063 ad
1405 2021 1612 2064 noticiam

124 2089 244 2148 regie
274 2090 529 2147 majestatis,
567 2090 775 2148 quoniam
809 2091 1081 2150 ignoranda,
1127 2109 1213 2151 que
1251 2109 1392 2136 crassa
1432 2093 1546 2135 foret
1572 2103 1616 2135 et

124 2160 298 2218 supina,
344 2172 574 2219 peccatum
619 2162 873 2205 nullatenus
913 2175 1158 2215 excusaret,
1202 2180 1301 2206 nam
1346 2164 1429 2207 lata
1485 2164 1614 2223 culpa

124 2231 225 2273 dolo
249 2231 548 2290 equiparatur.

184 2304 285 2345 Lata
312 2319 415 2346 vero
437 2304 566 2363 culpa
593 2317 660 2356 est
692 2305 897 2365 ignorare
927 2307 1048 2365 quod
1083 2323 1235 2349 omnes
1269 2307 1528 2367 intelligunt
1560 2308 1613 2351 de

124 2374 312 2433 figurato
334 2375 540 2427 nominis,
571 2388 620 2419 ut
641 2376 684 2419 in
706 2377 803 2437 lege
826 2378 938 2422 civili
964 2390 1156 2422 cavetur.
1189 2381 1286 2423 Non
1316 2379 1448 2422 credo
1469 2379 1613 2422 homi-

127 2462 226 2488 nem
256 2461 359 2489 sane
389 2447 548 2490 mentis
574 2448 780 2492 estimare
802 2465 935 2508 posse
966 2467 1048 2493 nec
1074 2450 1236 2493 debere
1267 2451 1388 2510 quod
1406 2451 1614 2494 dominus

174 2627 206 2660 1.
236 2625 295 2660 On
318 2626 468 2660 conelut
489 2627 534 2660 de
556 2639 596 2661 ce
621 2640 782 2675 passage
808 2641 880 2676 que
901 2629 1049 2664 Dubois
1070 2630 1160 2665 etait
1193 2631 1268 2665 fort
1294 2631 1410 2666 riche.
1435 2632 1464 2665 11
1497 2631 1559 2677 n’y
1593 2644 1612 2665 a

127 2672 206 2706 rien
232 2673 450 2707 d'etonnant
485 2675 503 2707 a
532 2676 622 2708 cela.
659 2675 733 2709 Les
766 2682 916 2711 avocats
949 2679 1111 2724 occupe's
1142 2691 1284 2713 comme
1320 2679 1437 2714 l'etait
1466 2679 1613 2713 Dubois

124 2721 158 2765 (ξ
176 2722 254 2758 100,
279 2727 314 2755 et
330 2733 365 2766 p.
390 2722 450 2767 45)
471 2721 644 2756 saisaient
663 2734 706 2756 en
731 2737 798 2758 son
819 2731 940 2770 temps
957 2726 1002 2759 de
1024 2739 1179 2772 grosses
1199 2727 1424 2761 fortunes.ll
1447 2728 1548 2760 suffit
1568 2728 1613 2761 de

126 2768 302 2813 rappeler
327 2769 361 2802 le
392 2781 478 2803 nom
503 2770 548 2803 de
572 2770 784 2805 Guillaume
812 2772 870 2806 Du
893 2773 1036 2815 Breuil,
1060 2775 1206 2814 deveuu
1236 2774 1490 2813 millionnaire
1518 2775 1612 2815 dans

126 2815 317 2854 l'exercice
339 2817 383 2851 de
399 2830 438 2851 sa
461 2817 689 2869 profession,

1636 528 1839 562 Consequences
1852 527 1885 556 de

1671 562 1816 590 l'habitude
1822 573 1887 592 non-

1670 598 1741 625 velle
1752 599 1785 626 de
1796 599 1886 627 solder

1670 634 1709 661 les
1723 640 1885 672 volipes.—

1670 673 1693 697 A
1701 670 1709 697 1
1718 673 1803 698 terat
1812 671 1840 699 io
1848 682 1865 699 u
1873 682 1885 699 s

1671 706 1718 734 des
1734 708 1872 736 monnaies
1882 733 1888 739 .
