<?xml version="1.0" encoding="UTF-8"?>
<!DOCTYPE html PUBLIC "-//W3C//DTD XHTML 1.0 Transitional//EN"
    "http://www.w3.org/TR/xhtml1/DTD/xhtml1-transitional.dtd">
<html xmlns="http://www.w3.org/1999/xhtml" xml:lang="en" lang="en">
 <head>
  <title>
</title>
<meta http-equiv="Content-Type" content="text/html;charset=utf-8" />
  <meta name='ocr-system' content='tesseract 3.04.00' />
  <meta name='ocr-capabilities' content='ocr_page ocr_carea ocr_par ocr_line ocrx_word'/>
</head>
<body>
  <div class='ocr_page' id='page_1' title='image "./derecuperationet00dubouoft_0149.png"; bbox 0 0 1942 3242; ppageno 0'>
   <div class='ocr_carea' id='block_1_1' title="bbox 463 155 1668 191">
    <p class='ocr_par' dir='ltr' id='par_1_1' title="bbox 463 155 1668 191">
     <span class='ocr_line' id='line_1_1' title="bbox 463 155 1668 191; baseline -0.003 0"><span class='ocrx_word' id='word_1_1' title='bbox 463 159 522 191; x_wconf 90' lang='lat' dir='ltr'><strong>DE</strong></span> <span class='ocrx_word' id='word_1_2' title='bbox 553 157 972 191; x_wconf 85' lang='lat' dir='ltr'><strong>RECUPERATIONE</strong></span> <span class='ocrx_word' id='word_1_3' title='bbox 1002 156 1160 189; x_wconf 89' lang='lat' dir='ltr'><strong>TERRE</strong></span> <span class='ocrx_word' id='word_1_4' title='bbox 1192 155 1386 188; x_wconf 85' lang='lat' dir='ltr'><strong>SANCTE.</strong></span> <span class='ocrx_word' id='word_1_5' title='bbox 1609 155 1668 187; x_wconf 79' lang='lat'><strong>121</strong></span> 
     </span>
    </p>
   </div>
   <div class='ocr_carea' id='block_1_2' title="bbox 179 245 1670 436">
    <p class='ocr_par' dir='ltr' id='par_1_2' title="bbox 179 245 1670 436">
     <span class='ocr_line' id='line_1_2' title="bbox 180 245 1670 308; baseline -0.003 -16"><span class='ocrx_word' id='word_1_6' title='bbox 180 249 292 292; x_wconf 90' lang='lat' dir='ltr'><strong>male</strong></span> <span class='ocrx_word' id='word_1_7' title='bbox 313 265 443 308; x_wconf 87' lang='lat' dir='ltr'><strong>agere</strong></span> <span class='ocrx_word' id='word_1_8' title='bbox 468 248 685 291; x_wconf 90' lang='lat' dir='ltr'><strong>videatur.</strong></span> <span class='ocrx_word' id='word_1_9' title='bbox 711 249 836 291; x_wconf 91' lang='lat' dir='ltr'><strong>Tunc</strong></span> <span class='ocrx_word' id='word_1_10' title='bbox 858 246 920 290; x_wconf 91' lang='lat' dir='ltr'><strong>sic</strong></span> <span class='ocrx_word' id='word_1_11' title='bbox 938 245 978 289; x_wconf 93' lang='lat' dir='ltr'><strong>ei</strong></span> <span class='ocrx_word' id='word_1_12' title='bbox 1000 245 1271 289; x_wconf 87' lang='lat' dir='ltr'><strong>sufficienter</strong></span> <span class='ocrx_word' id='word_1_13' title='bbox 1290 245 1481 304; x_wconf 90' lang='lat' dir='ltr'><strong>proviso,</strong></span> <span class='ocrx_word' id='word_1_14' title='bbox 1506 246 1670 305; x_wconf 88' lang='lat' dir='ltr'><strong>poterit</strong></span> 
     </span>
     <span class='ocr_line' id='line_1_3' title="bbox 179 317 1668 377; baseline -0.001 -13"><span class='ocrx_word' id='word_1_15' title='bbox 179 320 367 372; x_wconf 85' lang='lat' dir='ltr'><strong>nobiles,</strong></span> <span class='ocrx_word' id='word_1_16' title='bbox 394 319 593 370; x_wconf 85' lang='lat' dir='ltr'>comites,</span> <span class='ocrx_word' id='word_1_17' title='bbox 619 331 662 363; x_wconf 88' lang='lat' dir='ltr'><strong>et</strong></span> <span class='ocrx_word' id='word_1_18' title='bbox 695 320 884 363; x_wconf 85' lang='lat' dir='ltr'><strong>barones</strong></span> <span class='ocrx_word' id='word_1_19' title='bbox 911 329 954 361; x_wconf 91' lang='lat' dir='ltr'><strong>et</strong></span> <span class='ocrx_word' id='word_1_20' title='bbox 982 318 1154 377; x_wconf 90' lang='lat' dir='ltr'><strong>aliquos</strong></span> <span class='ocrx_word' id='word_1_21' title='bbox 1188 317 1391 361; x_wconf 87' lang='lat' dir='ltr'><strong>similiter</strong></span> <span class='ocrx_word' id='word_1_22' title='bbox 1428 317 1668 362; x_wconf 87' lang='lat' dir='ltr'><strong>instructos</strong></span> 
     </span>
     <span class='ocr_line' id='line_1_4' title="bbox 179 392 767 436; baseline -0.003 0"><span class='ocrx_word' id='word_1_23' title='bbox 179 393 233 436; x_wconf 89' lang='lat' dir='ltr'><strong>ad</strong></span> <span class='ocrx_word' id='word_1_24' title='bbox 255 409 383 436; x_wconf 89' lang='lat' dir='ltr'><strong>suum</strong></span> <span class='ocrx_word' id='word_1_25' title='bbox 406 392 572 435; x_wconf 89' lang='lat' dir='ltr'><strong>bellum</strong></span> <span class='ocrx_word' id='word_1_26' title='bbox 597 407 767 434; x_wconf 88' lang='lat' dir='ltr'><strong>vocare.</strong></span> 
     </span>
    </p>
   </div>
   <div class='ocr_carea' id='block_1_3' title="bbox 176 533 1671 1527">
    <p class='ocr_par' dir='ltr' id='par_1_3' title="bbox 176 533 1671 1527">
     <span class='ocr_line' id='line_1_5' title="bbox 242 533 1669 592; baseline -0.004 -10"><span class='ocrx_word' id='word_1_27' title='bbox 242 535 358 582; x_wconf 88' lang='lat'><strong>131.</strong></span> <span class='ocrx_word' id='word_1_28' title='bbox 395 536 555 578; x_wconf 84' lang='lat' dir='ltr'>Caveat</span> <span class='ocrx_word' id='word_1_29' title='bbox 572 534 703 577; x_wconf 90' lang='lat' dir='ltr'><strong>etiam</strong></span> <span class='ocrx_word' id='word_1_30' title='bbox 731 533 939 576; x_wconf 85' lang='lat' dir='ltr'><strong>dominus</strong></span> <span class='ocrx_word' id='word_1_31' title='bbox 967 550 1044 576; x_wconf 85' lang='lat' dir='ltr'><strong>rex</strong></span> <span class='ocrx_word' id='word_1_32' title='bbox 1071 533 1192 592; x_wconf 90' lang='lat' dir='ltr'><strong>quod</strong></span> <span class='ocrx_word' id='word_1_33' title='bbox 1219 550 1372 576; x_wconf 90' lang='lat' dir='ltr'><strong>omnes</strong></span> <span class='ocrx_word' id='word_1_34' title='bbox 1406 534 1473 576; x_wconf 89' lang='lat' dir='ltr'><strong>sui</strong></span> <span class='ocrx_word' id='word_1_35' title='bbox 1503 534 1669 577; x_wconf 88' lang='lat' dir='ltr'><strong>subditi</strong></span> 
     </span>
     <span class='ocr_line' id='line_1_6' title="bbox 179 605 1671 650; baseline -0.001 0"><span class='ocrx_word' id='word_1_36' title='bbox 179 623 402 650; x_wconf 88' lang='lat' dir='ltr'><strong>armorum</strong></span> <span class='ocrx_word' id='word_1_37' title='bbox 433 606 616 649; x_wconf 87' lang='lat' dir='ltr'><strong>servicia</strong></span> <span class='ocrx_word' id='word_1_38' title='bbox 643 606 855 648; x_wconf 85' lang='lat' dir='ltr'><strong>debentes</strong></span> <span class='ocrx_word' id='word_1_39' title='bbox 884 606 1120 648; x_wconf 82' lang='lat' dir='ltr'><strong>ostendant</strong></span> <span class='ocrx_word' id='word_1_40' title='bbox 1147 622 1192 648; x_wconf 91' lang='lat' dir='ltr'><strong>se</strong></span> <span class='ocrx_word' id='word_1_41' title='bbox 1227 606 1281 648; x_wconf 92' lang='lat' dir='ltr'><strong>de</strong></span> <span class='ocrx_word' id='word_1_42' title='bbox 1310 616 1399 648; x_wconf 86' lang='lat' dir='ltr'><strong>tota</strong></span> <span class='ocrx_word' id='word_1_43' title='bbox 1427 605 1590 648; x_wconf 88' lang='lat' dir='ltr'><strong>familia</strong></span> <span class='ocrx_word' id='word_1_44' title='bbox 1617 607 1671 649; x_wconf 88' lang='lat' dir='ltr'><strong>ad</strong></span> 
     </span>
     <span class='ocr_line' id='line_1_7' title="bbox 178 677 1667 729; baseline -0.001 -8"><span class='ocrx_word' id='word_1_45' title='bbox 178 678 431 722; x_wconf 84' lang='lat' dir='ltr'><strong>faciendum</strong></span> <span class='ocrx_word' id='word_1_46' title='bbox 469 677 666 720; x_wconf 88' lang='lat' dir='ltr'><strong>debitum</strong></span> <span class='ocrx_word' id='word_1_47' title='bbox 702 678 755 719; x_wconf 89' lang='lat' dir='ltr'><strong>ab</strong></span> <span class='ocrx_word' id='word_1_48' title='bbox 789 677 851 719; x_wconf 90' lang='lat' dir='ltr'><strong>eis</strong></span> <span class='ocrx_word' id='word_1_49' title='bbox 877 677 1110 720; x_wconf 87' lang='lat' dir='ltr'><strong>servicium</strong></span> <span class='ocrx_word' id='word_1_50' title='bbox 1133 693 1355 720; x_wconf 88' lang='lat' dir='ltr'><strong>armorum</strong></span> <span class='ocrx_word' id='word_1_51' title='bbox 1377 678 1667 729; x_wconf 88' lang='lat' dir='ltr'><strong>neccessaria,</strong></span> 
     </span>
     <span class='ocr_line' id='line_1_8' title="bbox 179 748 1671 809; baseline 0 -16"><span class='ocrx_word' id='word_1_52' title='bbox 179 749 325 793; x_wconf 87' lang='lat' dir='ltr'><strong>taliter</strong></span> <span class='ocrx_word' id='word_1_53' title='bbox 359 749 557 809; x_wconf 85' lang='lat' dir='ltr'><strong>provisos</strong></span> <span class='ocrx_word' id='word_1_54' title='bbox 601 749 723 808; x_wconf 92' lang='lat' dir='ltr'><strong>quod</strong></span> <span class='ocrx_word' id='word_1_55' title='bbox 758 749 802 791; x_wconf 92' lang='lat' dir='ltr'><strong>in</strong></span> <span class='ocrx_word' id='word_1_56' title='bbox 839 766 916 791; x_wconf 88' lang='lat' dir='ltr'><strong>sua</strong></span> <span class='ocrx_word' id='word_1_57' title='bbox 962 748 1214 808; x_wconf 84' lang='lat' dir='ltr'><strong>provisione</strong></span> <span class='ocrx_word' id='word_1_58' title='bbox 1260 766 1348 791; x_wconf 91' lang='lat' dir='ltr'><strong>non</strong></span> <span class='ocrx_word' id='word_1_59' title='bbox 1389 760 1671 808; x_wconf 90' lang='lat' dir='ltr'><strong>computetur</strong></span> 
     </span>
     <span class='ocr_line' id='line_1_9' title="bbox 178 821 1669 880; baseline 0 -16"><span class='ocrx_word' id='word_1_60' title='bbox 178 821 338 880; x_wconf 84' lang='lat' dir='ltr'><strong>aliquis</strong></span> <span class='ocrx_word' id='word_1_61' title='bbox 383 821 459 880; x_wconf 89' lang='lat' dir='ltr'><strong>qui</strong></span> <span class='ocrx_word' id='word_1_62' title='bbox 487 838 709 864; x_wconf 90' lang='lat' dir='ltr'><strong>armorum</strong></span> <span class='ocrx_word' id='word_1_63' title='bbox 733 821 967 864; x_wconf 83' lang='lat' dir='ltr'><strong>servicium</strong></span> <span class='ocrx_word' id='word_1_64' title='bbox 996 821 1154 863; x_wconf 89' lang='lat' dir='ltr'><strong>debeat</strong></span> <span class='ocrx_word' id='word_1_65' title='bbox 1183 838 1264 880; x_wconf 89' lang='lat' dir='ltr'><strong>pro</strong></span> <span class='ocrx_word' id='word_1_66' title='bbox 1295 838 1357 875; x_wconf 76' lang='lat' dir='ltr'><strong>se,</strong></span> <span class='ocrx_word' id='word_1_67' title='bbox 1388 838 1469 864; x_wconf 91' lang='lat' dir='ltr'><strong>nec</strong></span> <span class='ocrx_word' id='word_1_68' title='bbox 1491 821 1567 880; x_wconf 92' lang='lat' dir='ltr'><strong>qui</strong></span> <span class='ocrx_word' id='word_1_69' title='bbox 1589 838 1669 880; x_wconf 90' lang='lat' dir='ltr'><strong>pro</strong></span> 
     </span>
     <span class='ocr_line' id='line_1_10' title="bbox 177 893 1669 952; baseline 0 -16"><span class='ocrx_word' id='word_1_70' title='bbox 177 893 262 936; x_wconf 88' lang='lat' dir='ltr'><strong>alio</strong></span> <span class='ocrx_word' id='word_1_71' title='bbox 301 893 358 936; x_wconf 91' lang='lat' dir='ltr'><strong>sit</strong></span> <span class='ocrx_word' id='word_1_72' title='bbox 394 905 616 952; x_wconf 84' lang='lat' dir='ltr'><strong>receptus.</strong></span> <span class='ocrx_word' id='word_1_73' title='bbox 661 893 735 937; x_wconf 86' lang='lat' dir='ltr'><strong>Sic</strong></span> <span class='ocrx_word' id='word_1_74' title='bbox 774 893 1057 951; x_wconf 88' lang='lat' dir='ltr'><strong>procedendo</strong></span> <span class='ocrx_word' id='word_1_75' title='bbox 1097 893 1302 936; x_wconf 90' lang='lat' dir='ltr'><strong>dominus</strong></span> <span class='ocrx_word' id='word_1_76' title='bbox 1342 910 1418 936; x_wconf 86' lang='lat' dir='ltr'><strong>rex</strong></span> <span class='ocrx_word' id='word_1_77' title='bbox 1451 895 1552 952; x_wconf 88' lang='lat' dir='ltr'><strong>jure</strong></span> <span class='ocrx_word' id='word_1_78' title='bbox 1590 910 1669 936; x_wconf 90' lang='lat' dir='ltr'><strong>suo</strong></span> 
     </span>
     <span class='ocr_line' id='line_1_11' title="bbox 179 964 1669 1024; baseline -0.001 -15"><span class='ocrx_word' id='word_1_79' title='bbox 179 981 354 1024; x_wconf 85' lang='lat' dir='ltr'><strong>magno,</strong></span> <span class='ocrx_word' id='word_1_80' title='bbox 378 965 512 1008; x_wconf 88' lang='lat' dir='ltr'><strong>immo</strong></span> <span class='ocrx_word' id='word_1_81' title='bbox 536 965 741 1016; x_wconf 88' lang='lat' dir='ltr'><strong>maximo,</strong></span> <span class='ocrx_word' id='word_1_82' title='bbox 773 965 808 1007; x_wconf 92' lang='lat' dir='ltr'><strong>si</strong></span> <span class='ocrx_word' id='word_1_83' title='bbox 836 964 1109 1008; x_wconf 86' lang='lat' dir='ltr'><strong>sufficienter</strong></span> <span class='ocrx_word' id='word_1_84' title='bbox 1148 976 1312 1016; x_wconf 84' lang='lat' dir='ltr'><strong>utatur,</strong></span> <span class='ocrx_word' id='word_1_85' title='bbox 1355 965 1536 1008; x_wconf 87' lang='lat' dir='ltr'><strong>habebit</strong></span> <span class='ocrx_word' id='word_1_86' title='bbox 1575 982 1669 1008; x_wconf 88' lang='lat' dir='ltr'><strong>om-</strong></span> 
     </span>
     <span class='ocr_line' id='line_1_12' title="bbox 176 1037 1668 1096; baseline 0.001 -17"><span class='ocrx_word' id='word_1_87' title='bbox 176 1053 255 1079; x_wconf 88' lang='lat' dir='ltr'><strong>nes</strong></span> <span class='ocrx_word' id='word_1_88' title='bbox 276 1037 462 1088; x_wconf 90' lang='lat' dir='ltr'><strong>nobiles,</strong></span> <span class='ocrx_word' id='word_1_89' title='bbox 487 1037 553 1079; x_wconf 89' lang='lat' dir='ltr'><strong>vel</strong></span> <span class='ocrx_word' id='word_1_90' title='bbox 582 1037 688 1088; x_wconf 88' lang='lat' dir='ltr'><strong>fere,</strong></span> <span class='ocrx_word' id='word_1_91' title='bbox 728 1053 904 1090; x_wconf 83' lang='lat' dir='ltr'><strong>secum3</strong></span> <span class='ocrx_word' id='word_1_92' title='bbox 935 1053 1016 1079; x_wconf 91' lang='lat' dir='ltr'><strong>nec</strong></span> <span class='ocrx_word' id='word_1_93' title='bbox 1047 1037 1192 1095; x_wconf 88' lang='lat' dir='ltr'><strong>capiet</strong></span> <span class='ocrx_word' id='word_1_94' title='bbox 1217 1053 1296 1096; x_wconf 90' lang='lat' dir='ltr'><strong>per</strong></span> <span class='ocrx_word' id='word_1_95' title='bbox 1334 1037 1668 1081; x_wconf 88' lang='lat' dir='ltr'><strong>retrobannium</strong></span> 
     </span>
     <span class='ocr_line' id='line_1_13' title="bbox 177 1108 1667 1167; baseline 0.001 -17"><span class='ocrx_word' id='word_1_96' title='bbox 177 1108 223 1150; x_wconf 91' lang='lat' dir='ltr'><strong>id</strong></span> <span class='ocrx_word' id='word_1_97' title='bbox 243 1109 364 1167; x_wconf 92' lang='lat' dir='ltr'><strong>quod</strong></span> <span class='ocrx_word' id='word_1_98' title='bbox 391 1108 621 1151; x_wconf 87' lang='lat' dir='ltr'><strong>consuevit</strong></span> <span class='ocrx_word' id='word_1_99' title='bbox 649 1108 874 1151; x_wconf 87' lang='lat' dir='ltr'><strong>remittere</strong></span> <span class='ocrx_word' id='word_1_100' title='bbox 906 1109 1172 1152; x_wconf 89' lang='lat' dir='ltr'><strong>debentibus</strong></span> <span class='ocrx_word' id='word_1_101' title='bbox 1203 1125 1427 1152; x_wconf 90' lang='lat' dir='ltr'><strong>armorum</strong></span> <span class='ocrx_word' id='word_1_102' title='bbox 1457 1109 1667 1163; x_wconf 80' lang='lat' dir='ltr'><strong>servicia3</strong></span> 
     </span>
     <span class='ocr_line' id='line_1_14' title="bbox 178 1180 1669 1240; baseline 0.001 -18"><span class='ocrx_word' id='word_1_103' title='bbox 178 1196 259 1223; x_wconf 89' lang='lat' dir='ltr'><strong>nec</strong></span> <span class='ocrx_word' id='word_1_104' title='bbox 286 1180 487 1239; x_wconf 86' lang='lat' dir='ltr'><strong>gravabit</strong></span> <span class='ocrx_word' id='word_1_105' title='bbox 509 1180 751 1223; x_wconf 86' lang='lat' dir='ltr'><strong>Ecclesiam</strong></span> <span class='ocrx_word' id='word_1_106' title='bbox 771 1180 856 1223; x_wconf 87' lang='lat' dir='ltr'><strong>nisi</strong></span> <span class='ocrx_word' id='word_1_107' title='bbox 879 1180 922 1222; x_wconf 92' lang='lat' dir='ltr'><strong>in</strong></span> <span class='ocrx_word' id='word_1_108' title='bbox 945 1196 1047 1223; x_wconf 87' lang='lat' dir='ltr'><strong>casu</strong></span> <span class='ocrx_word' id='word_1_109' title='bbox 1070 1180 1400 1234; x_wconf 81' lang='lat' dir='ltr'><strong>neccessitati53</strong></span> <span class='ocrx_word' id='word_1_110' title='bbox 1426 1198 1559 1240; x_wconf 90' lang='lat' dir='ltr'><strong>super</strong></span> <span class='ocrx_word' id='word_1_111' title='bbox 1581 1198 1669 1240; x_wconf 92' lang='lat' dir='ltr'><strong>quo</strong></span> 
     </span>
     <span class='ocr_line' id='line_1_15' title="bbox 178 1251 1668 1312; baseline 0.001 -18"><span class='ocrx_word' id='word_1_112' title='bbox 178 1251 376 1295; x_wconf 86' lang='lat' dir='ltr'><strong>Ecclesia</strong></span> <span class='ocrx_word' id='word_1_113' title='bbox 396 1268 485 1294; x_wconf 90' lang='lat' dir='ltr'><strong>non</strong></span> <span class='ocrx_word' id='word_1_114' title='bbox 507 1252 731 1311; x_wconf 83' lang='lat' dir='ltr'><strong>reputabit</strong></span> <span class='ocrx_word' id='word_1_115' title='bbox 753 1269 798 1295; x_wconf 86' lang='lat' dir='ltr'><strong>se</strong></span> <span class='ocrx_word' id='word_1_116' title='bbox 826 1264 1074 1312; x_wconf 79' lang='lat' dir='ltr'><strong>gravatam3</strong></span> <span class='ocrx_word' id='word_1_117' title='bbox 1105 1269 1186 1295; x_wconf 89' lang='lat' dir='ltr'><strong>nec</strong></span> <span class='ocrx_word' id='word_1_118' title='bbox 1209 1254 1445 1296; x_wconf 87' lang='lat' dir='ltr'><strong>cessabunt</strong></span> <span class='ocrx_word' id='word_1_119' title='bbox 1472 1253 1668 1296; x_wconf 90' lang='lat' dir='ltr'><strong>Ecclesia</strong></span> 
     </span>
     <span class='ocr_line' id='line_1_16' title="bbox 176 1324 1667 1385; baseline 0.001 -19"><span class='ocrx_word' id='word_1_120' title='bbox 176 1334 221 1366; x_wconf 83' lang='lat' dir='ltr'><strong>et</strong></span> <span class='ocrx_word' id='word_1_121' title='bbox 259 1324 454 1382; x_wconf 89' lang='lat' dir='ltr'><strong>populus</strong></span> <span class='ocrx_word' id='word_1_122' title='bbox 488 1325 541 1366; x_wconf 91' lang='lat' dir='ltr'><strong>ab</strong></span> <span class='ocrx_word' id='word_1_123' title='bbox 573 1324 848 1367; x_wconf 87' lang='lat' dir='ltr'><strong>orationibus</strong></span> <span class='ocrx_word' id='word_1_124' title='bbox 883 1324 1068 1376; x_wconf 87' lang='lat' dir='ltr'><strong>devotis,</strong></span> <span class='ocrx_word' id='word_1_125' title='bbox 1101 1325 1264 1383; x_wconf 87' lang='lat' dir='ltr'><strong>quibus</strong></span> <span class='ocrx_word' id='word_1_126' title='bbox 1303 1325 1667 1385; x_wconf 83' lang='lat' dir='ltr'><strong>suffragantibus,</strong></span> 
     </span>
     <span class='ocr_line' id='line_1_17' title="bbox 177 1395 1666 1455; baseline 0.002 -18"><span class='ocrx_word' id='word_1_127' title='bbox 177 1410 266 1437; x_wconf 90' lang='lat' dir='ltr'><strong>non</strong></span> <span class='ocrx_word' id='word_1_128' title='bbox 292 1395 415 1446; x_wconf 85' lang='lat' dir='ltr'><strong>alias,</strong></span> <span class='ocrx_word' id='word_1_129' title='bbox 453 1407 780 1439; x_wconf 90' lang='lat' dir='ltr'><strong>consueverunt</strong></span> <span class='ocrx_word' id='word_1_130' title='bbox 809 1396 1035 1455; x_wconf 89' lang='lat' dir='ltr'><strong>principes</strong></span> <span class='ocrx_word' id='word_1_131' title='bbox 1075 1397 1348 1440; x_wconf 85' lang='lat' dir='ltr'><strong>exercituum</strong></span> <span class='ocrx_word' id='word_1_132' title='bbox 1378 1398 1431 1440; x_wconf 90' lang='lat' dir='ltr'><strong>de</strong></span> <span class='ocrx_word' id='word_1_133' title='bbox 1458 1398 1550 1440; x_wconf 89' lang='lat' dir='ltr'><strong>celo</strong></span> <span class='ocrx_word' id='word_1_134' title='bbox 1583 1397 1666 1440; x_wconf 89' lang='lat' dir='ltr'><strong>vic-</strong></span> 
     </span>
     <span class='ocr_line' id='line_1_18' title="bbox 176 1466 1211 1527; baseline 0.004 -19"><span class='ocrx_word' id='word_1_135' title='bbox 176 1466 348 1518; x_wconf 86' lang='lat' dir='ltr'><strong>toriam,</strong></span> <span class='ocrx_word' id='word_1_136' title='bbox 379 1483 467 1509; x_wconf 90' lang='lat' dir='ltr'><strong>non</strong></span> <span class='ocrx_word' id='word_1_137' title='bbox 496 1483 548 1510; x_wconf 84' lang='lat' dir='ltr'><strong>ex</strong></span> <span class='ocrx_word' id='word_1_138' title='bbox 567 1467 759 1527; x_wconf 86' lang='lat' dir='ltr'><strong>propriis</strong></span> <span class='ocrx_word' id='word_1_139' title='bbox 786 1468 969 1520; x_wconf 89' lang='lat' dir='ltr'><strong>viribus,</strong></span> <span class='ocrx_word' id='word_1_140' title='bbox 994 1468 1211 1512; x_wconf 89' lang='lat' dir='ltr'><strong>obtinere.</strong></span> 
     </span>
    </p>
   </div>
   <div class='ocr_carea' id='block_1_4' title="bbox 172 1611 1669 2319">
    <p class='ocr_par' dir='ltr' id='par_1_4' title="bbox 172 1611 1669 2319">
     <span class='ocr_line' id='line_1_19' title="bbox 233 1611 1666 1671; baseline 0.002 -17"><span class='ocrx_word' id='word_1_141' title='bbox 233 1616 383 1666; x_wconf 81' lang='lat' dir='ltr'><strong>[LXXX]</strong></span> <span class='ocrx_word' id='word_1_142' title='bbox 409 1611 525 1657; x_wconf 84' lang='grc'><strong>132.</strong></span> <span class='ocrx_word' id='word_1_143' title='bbox 573 1612 619 1655; x_wconf 87' lang='lat' dir='ltr'><strong>Si</strong></span> <span class='ocrx_word' id='word_1_144' title='bbox 642 1611 741 1670; x_wconf 89' lang='lat' dir='ltr'><strong>quis</strong></span> <span class='ocrx_word' id='word_1_145' title='bbox 763 1623 910 1654; x_wconf 86' lang='lat' dir='ltr'><strong>autem</strong></span> <span class='ocrx_word' id='word_1_146' title='bbox 940 1612 1061 1655; x_wconf 88' lang='lat' dir='ltr'><strong>hunc</strong></span> <span class='ocrx_word' id='word_1_147' title='bbox 1088 1612 1354 1671; x_wconf 89' lang='lat' dir='ltr'><strong>provisionis</strong></span> <span class='ocrx_word' id='word_1_148' title='bbox 1382 1614 1562 1656; x_wconf 90' lang='lat' dir='ltr'><strong>modum</strong></span> <span class='ocrx_word' id='word_1_149' title='bbox 1603 1631 1666 1657; x_wconf 87' lang='lat' dir='ltr'><strong>re-</strong></span> 
     </span>
     <span class='ocr_line' id='line_1_20' title="bbox 172 1683 1666 1745; baseline 0.001 -19"><span class='ocrx_word' id='word_1_150' title='bbox 172 1684 360 1742; x_wconf 86' lang='lat' dir='ltr'><strong>probare</strong></span> <span class='ocrx_word' id='word_1_151' title='bbox 382 1683 564 1734; x_wconf 82' lang='lat' dir='ltr'><strong>nitatur,</strong></span> <span class='ocrx_word' id='word_1_152' title='bbox 595 1683 804 1742; x_wconf 90' lang='lat' dir='ltr'><strong>quoniam</strong></span> <span class='ocrx_word' id='word_1_153' title='bbox 827 1695 944 1726; x_wconf 88' lang='lat' dir='ltr'><strong>retro</strong></span> <span class='ocrx_word' id='word_1_154' title='bbox 960 1684 1186 1743; x_wconf 91' lang='lat' dir='ltr'><strong>principes</strong></span> <span class='ocrx_word' id='word_1_155' title='bbox 1209 1684 1375 1728; x_wconf 90' lang='lat' dir='ltr'><strong>domini</strong></span> <span class='ocrx_word' id='word_1_156' title='bbox 1398 1685 1515 1745; x_wconf 86' lang='lat' dir='ltr'><strong>regis</strong></span> <span class='ocrx_word' id='word_1_157' title='bbox 1542 1697 1666 1728; x_wconf 87' lang='lat' dir='ltr'><strong>ante-</strong></span> 
     </span>
     <span class='ocr_line' id='line_1_21' title="bbox 174 1755 1666 1814; baseline 0.002 -17"><span class='ocrx_word' id='word_1_158' title='bbox 174 1771 374 1797; x_wconf 88' lang='lat' dir='ltr'><strong>cessores</strong></span> <span class='ocrx_word' id='word_1_159' title='bbox 415 1772 638 1814; x_wconf 84' lang='lat' dir='ltr'><strong>nonquam</strong></span> <span class='ocrx_word' id='word_1_160' title='bbox 670 1755 814 1798; x_wconf 83' lang='lat' dir='ltr'><strong>taliter</strong></span> <span class='ocrx_word' id='word_1_161' title='bbox 854 1768 1180 1799; x_wconf 89' lang='lat' dir='ltr'><strong>consueverunt</strong></span> <span class='ocrx_word' id='word_1_162' title='bbox 1220 1773 1442 1800; x_wconf 89' lang='lat' dir='ltr'><strong>armorum</strong></span> <span class='ocrx_word' id='word_1_163' title='bbox 1485 1757 1666 1801; x_wconf 90' lang='lat' dir='ltr'><strong>servicia</strong></span> 
     </span>
     <span class='ocr_line' id='line_1_22' title="bbox 173 1826 1662 1888; baseline 0.003 -20"><span class='ocrx_word' id='word_1_164' title='bbox 173 1826 364 1885; x_wconf 85' lang='lat' dir='ltr'><strong>exigere,</strong></span> <span class='ocrx_word' id='word_1_165' title='bbox 395 1827 655 1885; x_wconf 81' lang='lat' dir='ltr'><strong>responderi</strong></span> <span class='ocrx_word' id='word_1_166' title='bbox 670 1838 816 1886; x_wconf 86' lang='lat' dir='ltr'><strong>potest</strong></span> <span class='ocrx_word' id='word_1_167' title='bbox 831 1827 967 1886; x_wconf 88' lang='lat' dir='ltr'><strong>quod,</strong></span> <span class='ocrx_word' id='word_1_168' title='bbox 991 1839 1126 1886; x_wconf 90' lang='lat' dir='ltr'><strong>prout</strong></span> <span class='ocrx_word' id='word_1_169' title='bbox 1147 1828 1190 1870; x_wconf 87' lang='lat' dir='ltr'><strong>in</strong></span> <span class='ocrx_word' id='word_1_170' title='bbox 1212 1829 1309 1888; x_wconf 86' lang='lat' dir='ltr'><strong>lege</strong></span> <span class='ocrx_word' id='word_1_171' title='bbox 1331 1829 1446 1872; x_wconf 86' lang='lat' dir='ltr'><strong>civili</strong></span> <span class='ocrx_word' id='word_1_172' title='bbox 1470 1841 1662 1873; x_wconf 83' lang='lat' dir='ltr'><strong>cavetur:</strong></span> 
     </span>
     <span class='ocr_line' id='line_1_23' title="bbox 173 1898 1669 1961; baseline 0.002 -20"><span class='ocrx_word' id='word_1_173' title='bbox 173 1898 272 1941; x_wconf 82' lang='lat' dir='ltr'><strong>Non</strong></span> <span class='ocrx_word' id='word_1_174' title='bbox 293 1908 357 1940; x_wconf 82' lang='lat' dir='ltr'><strong>est</strong></span> <span class='ocrx_word' id='word_1_175' title='bbox 384 1901 700 1957; x_wconf 80' lang='lat' dir='ltr'><strong>respiciendum</strong></span> <span class='ocrx_word' id='word_1_176' title='bbox 729 1901 835 1959; x_wconf 80' lang='lat' dir='ltr'><strong>quid</strong></span> <span class='ocrx_word' id='word_1_177' title='bbox 850 1901 982 1941; x_wconf 84' lang='lat' dir='ltr'><strong>Rome</strong></span> <span class='ocrx_word' id='word_1_178' title='bbox 997 1901 1165 1959; x_wconf 78' lang='lat' dir='ltr'><strong>sactum</strong></span> <span class='ocrx_word' id='word_1_179' title='bbox 1196 1911 1272 1953; x_wconf 80' lang='lat' dir='ltr'><strong>est,</strong></span> <span class='ocrx_word' id='word_1_180' title='bbox 1302 1903 1381 1944; x_wconf 82' lang='lat' dir='ltr'><strong>sed</strong></span> <span class='ocrx_word' id='word_1_181' title='bbox 1423 1903 1531 1961; x_wconf 79' lang='lat' dir='ltr'><strong>quid</strong></span> <span class='ocrx_word' id='word_1_182' title='bbox 1565 1903 1669 1959; x_wconf 79' lang='lat' dir='ltr'><strong>fieri</strong></span> 
     </span>
     <span class='ocr_line' id='line_1_24' title="bbox 173 1969 1664 2032; baseline 0.003 -21"><span class='ocrx_word' id='word_1_183' title='bbox 173 1969 427 2023; x_wconf 50' lang='lat' dir='ltr'><strong>debuissem</strong></span> <span class='ocrx_word' id='word_1_184' title='bbox 470 1981 513 2012; x_wconf 88' lang='lat' dir='ltr'><strong>et</strong></span> <span class='ocrx_word' id='word_1_185' title='bbox 533 1970 680 2028; x_wconf 90' lang='lat' dir='ltr'><strong>quod:</strong></span> <span class='ocrx_word' id='word_1_186' title='bbox 723 1972 822 2014; x_wconf 80' lang='lat' dir='ltr'><strong>Non</strong></span> <span class='ocrx_word' id='word_1_187' title='bbox 849 1980 913 2013; x_wconf 81' lang='lat' dir='ltr'><strong>est</strong></span> <span class='ocrx_word' id='word_1_188' title='bbox 932 1972 1156 2030; x_wconf 69' lang='lat' dir='ltr'><strong>exemplis,</strong></span> <span class='ocrx_word' id='word_1_189' title='bbox 1200 1974 1279 2014; x_wconf 76' lang='lat' dir='ltr'><strong>secl</strong></span> <span class='ocrx_word' id='word_1_190' title='bbox 1331 1974 1494 2032; x_wconf 78' lang='lat' dir='ltr'><strong>legibus</strong></span> <span class='ocrx_word' id='word_1_191' title='bbox 1538 1975 1664 2031; x_wconf 74' lang='lat' dir='ltr'><strong>jucli-</strong></span> 
     </span>
     <span class='ocr_line' id='line_1_25' title="bbox 173 2041 1664 2104; baseline 0.003 -22"><span class='ocrx_word' id='word_1_192' title='bbox 173 2042 375 2083; x_wconf 76' lang='lat' dir='ltr'><strong>candum.</strong></span> <span class='ocrx_word' id='word_1_193' title='bbox 420 2041 489 2084; x_wconf 85' lang='lat' dir='ltr'><strong>Ad</strong></span> <span class='ocrx_word' id='word_1_194' title='bbox 516 2042 597 2084; x_wconf 88' lang='lat' dir='ltr'><strong>hec</strong></span> <span class='ocrx_word' id='word_1_195' title='bbox 630 2042 732 2084; x_wconf 86' lang='lat' dir='ltr'><strong>facit</strong></span> <span class='ocrx_word' id='word_1_196' title='bbox 769 2042 813 2084; x_wconf 88' lang='lat' dir='ltr'><strong>id</strong></span> <span class='ocrx_word' id='word_1_197' title='bbox 859 2042 980 2101; x_wconf 88' lang='lat' dir='ltr'><strong>quod</strong></span> <span class='ocrx_word' id='word_1_198' title='bbox 1010 2059 1144 2102; x_wconf 87' lang='lat' dir='ltr'><strong>super</strong></span> <span class='ocrx_word' id='word_1_199' title='bbox 1180 2044 1377 2104; x_wconf 82' lang='lat' dir='ltr'><strong>Polytica</strong></span> <span class='ocrx_word' id='word_1_200' title='bbox 1413 2044 1664 2087; x_wconf 88' lang='lat' dir='ltr'><strong>Aristotelis</strong></span> 
     </span>
     <span class='ocr_line' id='line_1_26' title="bbox 174 2112 1664 2176; baseline 0.003 -22"><span class='ocrx_word' id='word_1_201' title='bbox 174 2112 482 2155; x_wconf 79' lang='lat' dir='ltr'><strong>determinavit</strong></span> <span class='ocrx_word' id='word_1_202' title='bbox 523 2114 947 2172; x_wconf 87' lang='lat' dir='ltr'><strong>precellentissimus</strong></span> <span class='ocrx_word' id='word_1_203' title='bbox 996 2115 1150 2158; x_wconf 90' lang='lat' dir='ltr'><strong>doctor</strong></span> <span class='ocrx_word' id='word_1_204' title='bbox 1191 2116 1488 2174; x_wconf 84' lang='lat' dir='ltr'><strong>philosophie,</strong></span> <span class='ocrx_word' id='word_1_205' title='bbox 1538 2119 1664 2176; x_wconf 87' lang='lat' dir='ltr'><strong>cujus</strong></span> 
     </span>
     <span class='ocr_line' id='line_1_27' title="bbox 173 2185 1665 2246; baseline 0.003 -20"><span class='ocrx_word' id='word_1_206' title='bbox 173 2200 291 2226; x_wconf 89' lang='lat' dir='ltr'><strong>eram</strong></span> <span class='ocrx_word' id='word_1_207' title='bbox 316 2195 421 2227; x_wconf 92' lang='lat' dir='ltr'><strong>tunc</strong></span> <span class='ocrx_word' id='word_1_208' title='bbox 449 2185 711 2244; x_wconf 89' lang='lat' dir='ltr'><strong>discipulus,</strong></span> <span class='ocrx_word' id='word_1_209' title='bbox 744 2186 952 2246; x_wconf 88' lang='lat' dir='ltr'><strong>magister</strong></span> <span class='ocrx_word' id='word_1_210' title='bbox 975 2188 1168 2246; x_wconf 84' lang='lat' dir='ltr'><strong>Segerus</strong></span> <span class='ocrx_word' id='word_1_211' title='bbox 1200 2187 1254 2229; x_wconf 88' lang='lat' dir='ltr'><strong>de</strong></span> <span class='ocrx_word' id='word_1_212' title='bbox 1289 2188 1571 2239; x_wconf 85' lang='lat' dir='ltr'><strong>Brabancia¹,</strong></span> <span class='ocrx_word' id='word_1_213' title='bbox 1608 2189 1665 2231; x_wconf 90' lang='lat' dir='ltr'><strong>vi-</strong></span> 
     </span>
     <span class='ocr_line' id='line_1_28' title="bbox 173 2255 1664 2319; baseline 0.004 -22"><span class='ocrx_word' id='word_1_214' title='bbox 173 2255 334 2298; x_wconf 87' lang='lat' dir='ltr'><strong>delicet</strong></span> <span class='ocrx_word' id='word_1_215' title='bbox 355 2256 501 2315; x_wconf 89' lang='lat' dir='ltr'><strong>quod:</strong></span> <span class='ocrx_word' id='word_1_216' title='bbox 555 2258 702 2316; x_wconf 81' lang='lat' dir='ltr'><strong>Longe</strong></span> <span class='ocrx_word' id='word_1_217' title='bbox 745 2259 899 2301; x_wconf 79' lang='lat' dir='ltr'><strong>melius</strong></span> <span class='ocrx_word' id='word_1_218' title='bbox 925 2269 989 2301; x_wconf 86' lang='lat' dir='ltr'><strong>est</strong></span> <span class='ocrx_word' id='word_1_219' title='bbox 1014 2262 1227 2303; x_wconf 67' lang='lat' dir='ltr'><strong>civitatem</strong></span> <span class='ocrx_word' id='word_1_220' title='bbox 1258 2263 1352 2318; x_wconf 79' lang='lat' dir='ltr'><strong>regi</strong></span> <span class='ocrx_word' id='word_1_221' title='bbox 1377 2261 1542 2319; x_wconf 77' lang='lat' dir='ltr'><strong>legibus</strong></span> <span class='ocrx_word' id='word_1_222' title='bbox 1573 2277 1664 2303; x_wconf 80' lang='lat' dir='ltr'><strong>ree-</strong></span> 
     </span>
    </p>
   </div>
   <div class='ocr_carea' id='block_1_5' title="bbox 170 2486 1663 2810">
    <p class='ocr_par' dir='ltr' id='par_1_5' title="bbox 170 2486 1663 2810">
     <span class='ocr_line' id='line_1_29' title="bbox 219 2486 1661 2539; baseline 0.006 -20"><span class='ocrx_word' id='word_1_223' title='bbox 219 2488 252 2520; x_wconf 90' lang='lat'><strong>1.</strong></span> <span class='ocrx_word' id='word_1_224' title='bbox 283 2487 392 2532; x_wconf 88' lang='lat' dir='ltr'><strong>Siger</strong></span> <span class='ocrx_word' id='word_1_225' title='bbox 414 2488 459 2521; x_wconf 90' lang='lat' dir='ltr'><strong>de</strong></span> <span class='ocrx_word' id='word_1_226' title='bbox 477 2486 644 2521; x_wconf 87' lang='lat' dir='ltr'><strong>Brabant</strong></span> <span class='ocrx_word' id='word_1_227' title='bbox 663 2488 846 2534; x_wconf 81' lang='lat' dir='ltr'><strong>(Histoire</strong></span> <span class='ocrx_word' id='word_1_228' title='bbox 868 2489 1060 2531; x_wconf 77' lang='lat' dir='ltr'><strong>litte&#39;raire,</strong></span> <span class='ocrx_word' id='word_1_229' title='bbox 1083 2491 1179 2530; x_wconf 86' lang='lat' dir='ltr'>XXI,</span> <span class='ocrx_word' id='word_1_230' title='bbox 1216 2504 1279 2539; x_wconf 92' lang='lat' dir='ltr'><strong>pp.</strong></span> <span class='ocrx_word' id='word_1_231' title='bbox 1314 2493 1358 2528; x_wconf 82' lang='lat'><strong>96</strong></span> <span class='ocrx_word' id='word_1_232' title='bbox 1387 2499 1422 2526; x_wconf 87' lang='lat' dir='ltr'><strong>et</strong></span> <span class='ocrx_word' id='word_1_233' title='bbox 1457 2493 1550 2526; x_wconf 90' lang='lat' dir='ltr'><strong>suiv.</strong></span> <span class='ocrx_word' id='word_1_234' title='bbox 1573 2505 1581 2539; x_wconf 92' lang='grc'><strong>;</strong></span> <span class='ocrx_word' id='word_1_235' title='bbox 1614 2494 1661 2528; x_wconf 86' lang='lat' dir='ltr'><strong>cf.</strong></span> 
     </span>
     <span class='ocr_line' id='line_1_30' title="bbox 171 2533 1663 2581; baseline 0.005 -14"><span class='ocrx_word' id='word_1_236' title='bbox 171 2533 283 2575; x_wconf 85' lang='lat' dir='ltr'><strong>XXX,</strong></span> <span class='ocrx_word' id='word_1_237' title='bbox 308 2548 344 2580; x_wconf 92' lang='lat' dir='ltr'><strong>p.</strong></span> <span class='ocrx_word' id='word_1_238' title='bbox 366 2536 463 2581; x_wconf 80' lang='lat'><strong>272),</strong></span> <span class='ocrx_word' id='word_1_239' title='bbox 489 2535 708 2580; x_wconf 81' lang='lat' dir='ltr'><strong>professeur</strong></span> <span class='ocrx_word' id='word_1_240' title='bbox 727 2549 771 2570; x_wconf 91' lang='lat' dir='ltr'><strong>en</strong></span> <span class='ocrx_word' id='word_1_241' title='bbox 789 2536 1029 2572; x_wconf 76' lang='lat' dir='ltr'><strong>l&#39;Universite</strong></span> <span class='ocrx_word' id='word_1_242' title='bbox 1051 2539 1096 2572; x_wconf 89' lang='lat' dir='ltr'><strong>de</strong></span> <span class='ocrx_word' id='word_1_243' title='bbox 1119 2539 1238 2578; x_wconf 81' lang='lat' dir='ltr'><strong>Paris,</strong></span> <span class='ocrx_word' id='word_1_244' title='bbox 1259 2551 1325 2573; x_wconf 88' lang='lat' dir='ltr'><strong>rue</strong></span> <span class='ocrx_word' id='word_1_245' title='bbox 1347 2540 1397 2573; x_wconf 91' lang='lat' dir='ltr'><strong>du</strong></span> <span class='ocrx_word' id='word_1_246' title='bbox 1419 2541 1598 2581; x_wconf 73' lang='lat' dir='ltr'><strong>Fouarre,</strong></span> <span class='ocrx_word' id='word_1_247' title='bbox 1615 2543 1663 2575; x_wconf 81' lang='lat' dir='ltr'><strong>ou</strong></span> 
     </span>
     <span class='ocr_line' id='line_1_31' title="bbox 171 2580 1662 2634; baseline 0.005 -20"><span class='ocrx_word' id='word_1_248' title='bbox 171 2580 292 2615; x_wconf 80' lang='lat' dir='ltr'><strong>Dante</strong></span> <span class='ocrx_word' id='word_1_249' title='bbox 315 2583 382 2622; x_wconf 84' lang='lat' dir='ltr'><strong>fut,</strong></span> <span class='ocrx_word' id='word_1_250' title='bbox 406 2585 539 2621; x_wconf 77' lang='lat' dir='ltr'><strong>dit-on,</strong></span> <span class='ocrx_word' id='word_1_251' title='bbox 566 2596 635 2617; x_wconf 87' lang='lat' dir='ltr'><strong>son</strong></span> <span class='ocrx_word' id='word_1_252' title='bbox 665 2585 781 2618; x_wconf 80' lang='lat' dir='ltr'><strong>el&#39;evc.</strong></span> <span class='ocrx_word' id='word_1_253' title='bbox 818 2585 920 2619; x_wconf 88' lang='lat' dir='ltr'><strong>Ceux</strong></span> <span class='ocrx_word' id='word_1_254' title='bbox 952 2586 996 2619; x_wconf 89' lang='lat' dir='ltr'><strong>de</strong></span> <span class='ocrx_word' id='word_1_255' title='bbox 1032 2599 1093 2620; x_wconf 88' lang='lat' dir='ltr'><strong>ses</strong></span> <span class='ocrx_word' id='word_1_256' title='bbox 1127 2587 1240 2621; x_wconf 77' lang='lat' dir='ltr'><strong>ecrits</strong></span> <span class='ocrx_word' id='word_1_257' title='bbox 1275 2588 1338 2634; x_wconf 85' lang='lat' dir='ltr'><strong>qui</strong></span> <span class='ocrx_word' id='word_1_258' title='bbox 1372 2601 1468 2621; x_wconf 86' lang='lat' dir='ltr'><strong>nous</strong></span> <span class='ocrx_word' id='word_1_259' title='bbox 1500 2595 1565 2622; x_wconf 83' lang='lat' dir='ltr'><strong>ont</strong></span> <span class='ocrx_word' id='word_1_260' title='bbox 1604 2590 1662 2623; x_wconf 76' lang='lat' dir='ltr'><strong>ete</strong></span> 
     </span>
     <span class='ocr_line' id='line_1_32' title="bbox 172 2631 1661 2681; baseline 0.005 -19"><span class='ocrx_word' id='word_1_261' title='bbox 172 2631 374 2664; x_wconf 82' lang='lat' dir='ltr'><strong>conserves</strong></span> <span class='ocrx_word' id='word_1_262' title='bbox 396 2637 576 2664; x_wconf 83' lang='lat' dir='ltr'><strong>attestent</strong></span> <span class='ocrx_word' id='word_1_263' title='bbox 596 2632 629 2664; x_wconf 88' lang='lat' dir='ltr'><strong>la</strong></span> <span class='ocrx_word' id='word_1_264' title='bbox 651 2631 785 2666; x_wconf 81' lang='lat' dir='ltr'><strong>liberte</strong></span> <span class='ocrx_word' id='word_1_265' title='bbox 820 2640 856 2666; x_wconf 85' lang='lat' dir='ltr'><strong>et</strong></span> <span class='ocrx_word' id='word_1_266' title='bbox 883 2633 916 2667; x_wconf 86' lang='lat' dir='ltr'><strong>la</strong></span> <span class='ocrx_word' id='word_1_267' title='bbox 947 2634 1043 2667; x_wconf 83' lang='lat' dir='ltr'><strong>forte</strong></span> <span class='ocrx_word' id='word_1_268' title='bbox 1072 2640 1215 2680; x_wconf 84' lang='lat' dir='ltr'><strong>trempe</strong></span> <span class='ocrx_word' id='word_1_269' title='bbox 1248 2635 1293 2668; x_wconf 91' lang='lat' dir='ltr'><strong>de</strong></span> <span class='ocrx_word' id='word_1_270' title='bbox 1325 2648 1394 2669; x_wconf 89' lang='lat' dir='ltr'><strong>son</strong></span> <span class='ocrx_word' id='word_1_271' title='bbox 1425 2636 1558 2681; x_wconf 82' lang='lat' dir='ltr'><strong>csprit.</strong></span> <span class='ocrx_word' id='word_1_272' title='bbox 1594 2638 1661 2670; x_wconf 91' lang='lat' dir='ltr'><strong>Ses</strong></span> 
     </span>
     <span class='ocr_line' id='line_1_33' title="bbox 171 2676 1662 2730; baseline 0.005 -20"><span class='ocrx_word' id='word_1_273' title='bbox 171 2676 349 2721; x_wconf 88' lang='lat' dir='ltr'><strong>opinions</strong></span> <span class='ocrx_word' id='word_1_274' title='bbox 368 2679 588 2712; x_wconf 75' lang='lat' dir='ltr'><strong>temeraires</strong></span> <span class='ocrx_word' id='word_1_275' title='bbox 611 2679 736 2712; x_wconf 82' lang='lat' dir='ltr'><strong>furent</strong></span> <span class='ocrx_word' id='word_1_276' title='bbox 765 2680 1076 2715; x_wconf 85' lang='lat' dir='ltr'><strong>solennellement</strong></span> <span class='ocrx_word' id='word_1_277' title='bbox 1106 2683 1358 2717; x_wconf 81' lang='lat' dir='ltr'><strong>condamnees</strong></span> <span class='ocrx_word' id='word_1_278' title='bbox 1389 2696 1433 2716; x_wconf 88' lang='lat' dir='ltr'><strong>en</strong></span> <span class='ocrx_word' id='word_1_279' title='bbox 1470 2685 1559 2718; x_wconf 82' lang='lat'>1277</span> <span class='ocrx_word' id='word_1_280' title='bbox 1594 2697 1662 2730; x_wconf 85' lang='lat' dir='ltr'><strong>par</strong></span> 
     </span>
     <span class='ocr_line' id='line_1_34' title="bbox 171 2723 1660 2807; baseline 0.007 -51"><span class='ocrx_word' id='word_1_281' title='bbox 171 2723 359 2807; x_wconf 46' lang='lat' dir='ltr'><strong>l&#39;zl&#39;tod&#39;igi</strong></span> <span class='ocrx_word' id='word_1_282' title='bbox 379 2726 678 2780; x_wconf 72' lang='lat' dir='ltr'><strong>ecclesiastique.</strong></span> <span class='ocrx_word' id='word_1_283' title='bbox 708 2728 738 2762; x_wconf 90' lang='lat'><strong>11</strong></span> <span class='ocrx_word' id='word_1_284' title='bbox 759 2734 910 2763; x_wconf 84' lang='lat' dir='ltr'><strong>mourut</strong></span> <span class='ocrx_word' id='word_1_285' title='bbox 931 2729 1219 2778; x_wconf 85' lang='lat' dir='ltr'><strong>tragiquement,</strong></span> <span class='ocrx_word' id='word_1_286' title='bbox 1246 2742 1331 2764; x_wconf 87' lang='lat' dir='ltr'><strong>vers</strong></span> <span class='ocrx_word' id='word_1_287' title='bbox 1361 2732 1463 2772; x_wconf 85' lang='lat'><strong>1283,</strong></span> <span class='ocrx_word' id='word_1_288' title='bbox 1498 2732 1592 2765; x_wconf 87' lang='lat' dir='ltr'><strong>daus</strong></span> <span class='ocrx_word' id='word_1_289' title='bbox 1626 2731 1660 2768; x_wconf 84' lang='lat' dir='ltr'><strong>la</strong></span> 
     </span>
     <span class='ocr_line' id='line_1_35' title="bbox 170 2780 484 2810; baseline 0.006 -4"><span class='ocrx_word' id='word_1_290' title='bbox 170 2782 206 2807; x_wconf 78' lang='lat' dir='ltr'><strong>Vl</strong></span> <span class='ocrx_word' id='word_1_291' title='bbox 238 2783 257 2806; x_wconf 89' lang='lat' dir='ltr'><strong>e</strong></span> <span class='ocrx_word' id='word_1_292' title='bbox 353 2780 484 2810; x_wconf 76' lang='lat' dir='ltr'><strong>rvxeto.</strong></span> 
     </span>
    </p>
   </div>
  </div>
 </body>
</html>
