1942 3242
430 214 488 246 DE
519 211 940 246 RECUPERATIONE
972 209 1134 242 TERRE
1168 207 1368 240 SANCTE.
1602 206 1640 238 27

207 306 357 357 [xvnl]
403 302 488 348 35.
529 302 794 345 Consideret
829 301 959 344 etiam
992 298 1195 342 dominus
1234 312 1346 355 papa
1385 295 1505 354 quod
1545 311 1640 337 car-

149 374 316 416 dinales
339 390 518 433 magnas
539 374 705 416 habent
725 373 966 416 secundum
982 369 1179 413 Ecclesie
1202 377 1361 410 statum
1383 367 1637 425 dignitates,

149 461 306 505 magna
326 453 534 504 opportet
561 461 635 487 eos
657 444 914 504 impendere
936 441 1178 485 secundum
1206 441 1338 482 ritum
1358 438 1532 481 vivendi
1554 455 1640 480 mo-

149 517 349 567 dernum,
393 533 556 575 paucos
593 517 717 575 quasi
756 516 900 558 nullos
937 515 1103 556 habent
1135 512 1335 554 redditus
1374 511 1464 552 suis
1500 510 1640 552 titulis

148 589 452 647 apropriatos3
495 588 661 630 idcirco
707 596 929 645 tamquam
973 584 1269 627 mercenarios
1315 591 1523 641 opportet
1568 598 1641 623 eos

148 660 273 718 quasi
299 660 444 702 vivere
466 659 519 701 de
542 659 709 718 rapina.
735 659 821 713 Qui
842 666 960 700 tanta
983 672 1191 699 neccesse
1211 656 1376 697 habent
1397 663 1440 696 et
1461 669 1640 696 consue-

146 727 303 773 verunt
330 731 544 789 recipere,
570 731 760 789 qualiter
777 745 1021 772 assessores
1042 728 1205 787 ydonei
1234 725 1580 783 summijudicis,
1599 733 1642 766 et

148 803 230 844 sub
260 802 356 861 ipso
381 802 555 860 judices
586 818 682 844 esse
715 801 959 860 poterunt?
991 801 1040 842 In
1066 799 1228 841 talibus
1261 797 1530 856 presumitur
1560 813 1640 855 pro

149 873 357 916 divitibus
388 873 507 932 quod
535 889 612 915 sua
645 873 836 915 debeant
870 871 1013 914 officia
1042 870 1323 913 laudabiliter
1353 885 1587 919 exercere3
1618 885 1640 910 e

149 945 370 987 contrario
391 945 661 1003 presumitiir
687 953 839 986 contra
866 959 1100 1002 pauperes,
1129 942 1351 1000 quoniam,
1376 948 1424 982 ut
1452 940 1511 981 ait
1535 939 1640 982 Phi-

148 1016 392 1074 losophus:
439 1017 745 1074 Oppositorum
793 1019 985 1074 opposite
1021 1024 1121 1056 sunt
1161 1029 1305 1065 cause,
1342 1021 1385 1054 et
1419 1012 1494 1070 qui
1527 1012 1640 1053 bene

149 1087 360 1129 differunt
382 1077 600 1130 contraria
618 1087 970 1147 consignificant.
994 1088 1079 1129 Per
1094 1101 1292 1135 munera,
1317 1100 1488 1143 preces,
1510 1083 1640 1125 timo-

148 1174 255 1210 rem,
286 1175 494 1209 amorem,
525 1158 689 1209 odium,
722 1158 1132 1216 concupiscenciam
1166 1165 1209 1198 et
1240 1155 1493 1214 hujusmodi
1529 1155 1642 1196 solet

143 1230 358 1288 judicium
394 1231 645 1289 corrumpi3
685 1239 815 1289 prout
851 1231 896 1272 in
928 1245 1095 1272 canone
1134 1229 1409 1286 scripserunt
1447 1227 1522 1285 qui
1561 1242 1640 1284 per

148 1301 446 1359 experimenta
476 1301 723 1344 didicerant
757 1301 897 1344 sancti
930 1303 1082 1344 Patres
1114 1318 1123 1352 ;
1161 1308 1204 1342 et
1236 1300 1320 1341 hoc
1350 1298 1641 1341 communiter

147 1372 337 1415 credunt
391 1381 434 1415 et
482 1373 635 1415 dicunt
687 1389 839 1415 omnes
868 1390 876 1414 ε
930 1374 1121 1414 Munera
1170 1381 1342 1430 sumpta
1393 1370 1551 1428 ligant,
1597 1378 1640 1411 et

147 1452 279 1502 prout
315 1444 494 1502 scripsit
533 1453 850 1487 commentator
876 1444 1116 1486 Averrois:
1159 1444 1318 1487 Nullus
1350 1458 1493 1484 sermo
1526 1457 1639 1484 com-

147 1519 286 1558 munis
312 1519 355 1558 in
377 1526 510 1558 totum
528 1517 675 1575 falsus
702 1520 932 1575 reperitur.

205 1662 314 1712 [xlx]
351 1658 435 1703 36.
460 1660 648 1717 Propter
667 1675 752 1717 que
776 1667 954 1717 peccata
974 1667 1017 1701 et
1047 1659 1300 1701 occasiones
1330 1656 1636 1715 delinquendi,

147 1745 228 1772 nec
249 1745 337 1771 non
359 1738 402 1771 et
424 1730 528 1772 alias
548 1746 655 1788 quas
676 1731 850 1788 plenius
878 1731 997 1773 novit
1019 1746 1184 1773 summa
1213 1729 1489 1788 experiencia
1518 1729 1639 1787 regie

146 1801 418 1859 maje[st]atis
449 1801 736 1844 considerans
764 1803 978 1860 scriptum
1006 1803 1050 1844 in
1083 1818 1250 1844 canone
1278 1810 1321 1843 et
1348 1801 1640 1843 communiter

146 1872 353 1914 usitatum
398 1873 517 1931 quod
549 1874 595 1915 id
628 1874 746 1932 quod
775 1878 926 1932 agitur
946 1891 972 1915 α
1002 1875 1187 1932 prelatis
1205 1874 1351 1931 facile
1385 1873 1577 1915 trahitur
1612 1889 1641 1913 α

146 1945 327 1986 subditis
357 1947 399 1986 in
427 1945 668 2001 exemplum
702 1961 755 1987 ex
784 1961 900 1987 nunc
930 1946 972 1987 in
1000 1954 1226 2003 posterum
1257 1944 1554 2003 extirpandas,
1586 1959 1640 1985 ne

148 2015 250 2056 inde
282 2023 517 2057 nascantur
551 2015 711 2073 injurie
744 2017 860 2059 unde
884 2019 981 2075 jura
1019 2017 1140 2059 nasci
1170 2016 1349 2066 debent,
1381 2024 1423 2058 et
1451 2032 1505 2058 ne
1534 2031 1639 2057 con-

147 2086 286 2128 cussis
315 2086 560 2145 columpnis
590 2096 764 2129 corruat
791 2087 1027 2142 edificium,
1063 2089 1269 2147 quoniam
1298 2088 1510 2146 scriptum
1549 2095 1636 2129 cst:

149 2158 198 2200 Si
214 2159 421 2199 sacerdos
454 2161 528 2217 qni
557 2168 619 2200 est
650 2169 804 2201 unctus
828 2164 1091 2217 peccaverit,
1109 2160 1261 2218 faciet
1285 2160 1534 2218 delinquere
1556 2175 1638 2216 po-

140 2229 330 2287 pulum3
369 2245 422 2270 ne
451 2229 625 2287 prelati,
665 2230 739 2288 qui
780 2239 882 2272 sunt
921 2239 964 2273 et
999 2248 1094 2273 esse
1130 2231 1309 2281 debent,
1347 2247 1481 2288 scquc
1516 2229 1639 2271 sactis

149 2308 191 2342 et
211 2300 356 2342 verbis
384 2301 572 2358 probare
595 2301 788 2343 medicos
817 2302 1073 2352 animarum,
1105 2303 1281 2344 morbos
1309 2302 1494 2360 amplius
1523 2301 1639 2343 indi-

150 2379 250 2413 cant
270 2380 313 2413 et
334 2371 524 2414 inserant
546 2388 656 2430 quos
678 2389 831 2415 curare
861 2374 1040 2424 debent,
1072 2383 1114 2416 et
1143 2391 1223 2432 pro
1252 2374 1412 2432 quibus
1434 2373 1639 2415 curandis

149 2443 203 2485 ab
231 2443 471 2484 animarum
498 2452 622 2501 patre
643 2453 745 2486 sunt
767 2445 819 2486 ad
842 2454 982 2487 tantas
1011 2445 1265 2504 dignitatcS‚
1297 2462 1404 2503 quas
1431 2453 1639 2486 secuntur

149 2514 294 2556 omnia
325 2514 473 2555 mondi
502 2515 632 2563 bona,
668 2516 822 2558 vocati.
863 2517 909 2559 Si
940 2517 1135 2559 medicus
1170 2533 1249 2575 pro
1279 2516 1473 2558 sanando
1508 2516 1639 2558 unico

150 2585 266 2644 regis
288 2585 378 2627 filio
399 2594 442 2627 et
472 2586 635 2628 herede
656 2594 721 2629 tot
748 2588 966 2646 reciperet
995 2589 1210 2637 redditus,
1241 2597 1479 2646 proventus
1501 2596 1543 2629 ct
1566 2588 1638 2629 ho-

150 2672 279 2698 nores
307 2665 413 2714 quot
439 2657 572 2698 habet
601 2673 712 2699 unus
742 2659 975 2717 episcopus
1007 2676 1087 2717 pro
1121 2660 1326 2702 curandis
1355 2668 1397 2701 ct
1432 2659 1638 2701 sanandis

142 2727 392 2794 animabus,
419 2736 461 2770 et
479 2729 518 2770 ei
540 2729 814 2771 occasionem
830 2731 987 2780 morbi,
1014 2739 1054 2772 ct
1074 2747 1153 2789 per
1174 2747 1449 2789 consequens
1467 2731 1635 2778 mortis,

152 2814 230 2860 per
272 2815 392 2841 suam
429 2800 601 2860 culpam
644 2809 878 2859 prestaret,
920 2810 1073 2862 utpotc
1109 2818 1255 2845 coram
1305 2803 1401 2862 ipso
1444 2802 1638 2845 bibendo

1674 308 1724 333 Des
1740 305 1896 333 cardinnnx.

1710 1666 1859 1703 Apologue.
