1942 3242
406 251 464 284 DE
494 251 911 284 RECUPERATIONE
940 252 1103 285 TERRE
1134 253 1335 285 SANCTE.
1580 254 1614 286 71

123 345 265 384 minus
299 342 464 384 durant
495 344 620 383 eitius
651 351 864 383 crescunt.
903 343 1022 384 Inter
1050 358 1121 384 eas
1149 342 1203 384 de
1240 343 1400 401 quibus
1436 343 1613 401 puellis,

122 412 268 472 alique
295 412 607 472 prudentiores
630 429 714 471 que
741 412 1009 455 videbuntur
1038 413 1208 456 debiles
1235 414 1290 456 ad
1314 413 1615 457 transffretan-

122 484 240 535 dum,
265 484 382 543 apud
402 501 482 526 nos
509 492 720 543 poterunt
745 500 826 543 pro
858 484 955 526 aliis
983 485 1286 528 custodiendis
1313 495 1530 544 perpetuo
1551 502 1615 528 re-

122 572 313 607 manere,
350 572 534 615 quarum
578 555 776 598 subsidio
815 564 961 598 cetere
996 557 1193 599 securius
1238 558 1529 601 servabuntur
1573 566 1616 600 et

120 628 294 687 plenius
327 628 618 678 instruentur,
648 636 736 670 tam
776 628 820 669 in
861 628 1053 670 sciencia
1092 644 1221 687 quam
1254 629 1299 670 in
1336 629 1613 688 experiencia

121 699 338 759 cerurgie,
369 715 418 742 ac
444 700 572 742 etiam
603 698 836 750 medicine,
862 708 906 742 et
932 715 1083 742 eorum
1104 716 1189 758 que
1211 700 1265 743 ad
1286 709 1423 744 artem
1444 709 1487 743 et
1514 702 1613 745 arti—

120 770 266 814 ficium
287 771 671 830 apothecariorum
697 771 923 829 pertinere
945 780 1204 814 noscuntur.

181 913 264 960 86.
281 913 453 957 Puellas
481 930 584 956 vero
611 930 696 973 que
710 914 1003 973 disponentur
1017 915 1294 974 conjugande
1316 931 1414 958 cum
1435 916 1521 958 illis
1538 917 1614 975 qui

118 1001 206 1028 non
231 993 386 1028 tenent
412 986 622 1028 articulos
650 986 753 1028 fidei
775 994 941 1037 nostre,
974 995 1106 1045 prout
1139 1003 1214 1029 eos
1240 995 1377 1038 tenet,
1415 987 1543 1030 docet
1570 997 1613 1030 et

117 1057 320 1099 observat
346 1057 530 1099 ecclesia
561 1073 755 1109 romana,
787 1058 992 1116 expediet
1025 1059 1070 1100 in
1104 1058 1300 1101 articulis
1327 1067 1459 1117 prout
1490 1068 1613 1102 tenet

116 1144 191 1170 eos
207 1129 392 1171 ecclesia
411 1145 591 1171 romana
612 1129 778 1180 doceri,
803 1138 850 1171 ut
866 1146 1014 1172 secum
1038 1130 1232 1172 breviter
1253 1139 1295 1172 et
1317 1131 1447 1189 plane
1470 1132 1610 1190 scrip-

114 1207 183 1242 tos
210 1209 389 1258 portent
417 1201 625 1242 articulos
651 1217 803 1243 omnes
833 1202 890 1243 ita
912 1202 1031 1260 quod
1050 1202 1169 1260 ipsos
1189 1201 1458 1245 sufficienter
1479 1202 1610 1245 intel-

115 1271 282 1330 ligant;
324 1271 443 1330 quod
473 1272 676 1314 similiter
703 1273 815 1314 scire
844 1289 931 1315 non
960 1282 1156 1324 noceret,
1194 1274 1324 1316 immo
1357 1274 1606 1332 prodesset,

115 1342 300 1402 singulis
341 1343 571 1402 discipulis
601 1344 867 1402 provisionis
906 1344 1122 1402 predicte,
1162 1361 1270 1403 quos
1302 1346 1346 1387 in
1384 1345 1608 1405 theologia

114 1414 341 1474 continget
367 1414 541 1473 plenius
578 1431 667 1457 non
699 1415 864 1458 doceri.
903 1417 1110 1458 Preterea
1151 1417 1195 1458 in
1223 1416 1411 1476 singulis
1450 1417 1607 1459 studiis

114 1485 331 1528 medicine
353 1494 395 1528 et
416 1487 617 1544 cerurgie
649 1503 729 1545 pro
761 1487 922 1545 puellis
950 1488 1213 1539 statuendis,
1238 1488 1444 1547 expediet
1464 1505 1606 1531 rema-

112 1573 216 1599 nere
238 1557 346 1599 duas
374 1557 558 1616 puellas,
579 1575 664 1616 quo
681 1558 903 1616 adjuvent,
920 1575 999 1618 pre
1022 1560 1181 1601 ceteris
1203 1560 1383 1602 edoctas
1400 1561 1443 1602 in
1466 1561 1606 1602 medi-

111 1629 209 1671 cina
238 1637 281 1671 et
308 1630 508 1689 cerurgia
537 1646 585 1672 ac
612 1646 760 1681 earum
793 1631 1104 1688 experienciis,
1135 1647 1219 1690 que
1247 1632 1351 1674 alias
1381 1632 1605 1674 docebunt

109 1708 196 1742 tam
223 1701 268 1742 in
289 1701 485 1743 theorica
514 1718 642 1760 quam
663 1702 708 1743 in
727 1703 954 1760 prautica;
983 1711 1030 1744 ut
1054 1703 1216 1761 puelle,
1242 1719 1339 1745 cum
1365 1703 1418 1745 de
1447 1704 1604 1745 studiis

109 1771 335 1823 recedent,
355 1789 452 1814 cum
477 1773 680 1815 scienciis
697 1774 905 1831 periciam
922 1775 1112 1816 habeant
1127 1774 1402 1832 prauticandi
1420 1793 1428 1826 3
1455 1775 1498 1816 in
1518 1784 1603 1818 stu·

109 1843 182 1886 dio
203 1845 340 1903 magis
362 1860 491 1902 quam
518 1845 798 1903 postmodum
830 1845 1088 1904 faciliusque
1124 1846 1294 1888 discere
1322 1855 1531 1904 poterunt
1561 1856 1603 1889 et

109 1930 264 1972 capere
289 1931 499 1958 summam
525 1916 864 1974 experiendam,
888 1917 981 1959 sine
1004 1933 1087 1975 qua
1103 1917 1213 1959 tales
1236 1918 1425 1960 sciencie
1447 1934 1601 1976 parum

109 1985 388 2044 prodessent,
418 1995 607 2029 testante
634 1987 922 2046 Philosopho,
954 1988 1029 2046 qui
1059 1989 1144 2030 ait:
1178 1990 1226 2030 In
1249 1989 1491 2047 agibilibus
1519 1990 1600 2031 lm-

110 2063 253 2099 mam‘s
273 2058 399 2116 longe
419 2062 558 2117 magis
571 2059 791 2116 proficere
812 2060 997 2102 vidimus
1018 2060 1224 2102 habentes
1243 2064 1336 2102 sine
1363 2071 1460 2103 arte
1475 2077 1601 2119 expe-

108 2130 329 2182 rieneiam,
364 2145 493 2188 qnam
515 2129 722 2172 habentes
740 2137 832 2172 sine
852 2135 1130 2189 experienda
1157 2135 1339 2174 sciencie
1365 2136 1596 2175 notionem.

168 2275 275 2325 [LIV]
304 2271 388 2317 87.
421 2271 633 2314 Similiter
664 2282 808 2315 autem
838 2274 1054 2316 masculos
1086 2274 1308 2316 auditores
1348 2275 1601 2333 hujusmodi

109 2342 398 2384 scienciarum
440 2343 485 2386 in
525 2360 672 2386 earum
713 2346 1006 2403 experiencia,
1046 2346 1147 2388 dum
1183 2355 1312 2388 erunt
1340 2347 1383 2388 in
1421 2347 1596 2398 studiis,

109 2414 308 2472 proderit
334 2414 515 2463 erudiri,
546 2423 589 2457 et
615 2416 659 2457 in
680 2416 742 2458 eis
770 2417 1094 2474 apothecariam
1115 2418 1273 2467 teneri,
1302 2418 1600 2461 confectiones

110 2484 204 2527 fieri
224 2503 232 2536 ;
264 2493 311 2528 ut
331 2486 491 2528 herbas
513 2494 556 2528 et
574 2486 655 2528 alia
689 2487 966 2530 medicinalia
995 2488 1166 2530 discant
1194 2505 1463 2549 cognoscere
1486 2508 1494 2542 ;
1520 2507 1600 2532 nec

110 2571 197 2598 non
226 2565 450 2615 unguenta
470 2565 512 2598 et
540 2557 822 2600 decoctiones
844 2575 941 2601 cum
977 2560 1072 2601 aliis
1095 2560 1236 2602 solitis
1265 2561 1433 2611 facere3
1472 2570 1519 2603 ut
1547 2562 1600 2604 de

111 2627 268 2669 studiis
295 2628 554 2670 recedentes
584 2627 853 2672 sufficienter
872 2631 1011 2672 sciant
1039 2639 1081 2673 et
1101 2629 1271 2674 valeant
1293 2634 1557 2691 prauticare.

1664 2288 1831 2315 Pharmucie.

170 2768 254 2814 88.
285 2770 334 2811 In
371 2771 560 2813 sciencia
594 2771 739 2813 divina
769 2773 979 2831 precipue
1019 2774 1246 2817 studentes
1274 2775 1317 2816 in
1354 2777 1447 2833 ejus
1475 2791 1600 2834 prau·
1622 2793 1867 2820 nevoirsdene‘tu-

111 2839 196 2883 tica
225 2856 270 2882 se
311 2840 566 2902 frequenter
602 2844 860 2894 exercitent,
892 2845 1156 2905 provisionis
1190 2847 1320 2907 hujus
1358 2847 1600 2890 scolaribus

1657 2829 1743 2855 diants
1751 2839 1783 2856 en
1795 2829 1869 2856 theo-

1656 2865 1736 2902 logie.
