1942 3242
389 226 429 257 92
933 228 1119 260 PIERRE
1149 229 1341 261 DUBOIS.

389 315 590 374 dyocesis
619 317 830 369 locorum,
862 318 1024 378 aliique
1047 319 1220 377 prelati,
1257 319 1562 362 predicatores
1590 327 1632 361 et
1665 320 1875 370 Minores,

121 397 368 466 {nfztffggrffigsts
389 387 678 431 exhortentur
713 398 756 431 et
789 390 1000 432 inducant
1031 406 1184 432 omnes
1211 406 1422 448 personas
1451 392 1751 448 cujuscunque
1779 407 1878 433 con-

390 457 570 502 ditionis
593 459 647 503 ad
667 461 994 519 procurandum
1029 477 1240 520 personas
1271 461 1440 504 habiles
1468 462 1698 520 utriusque
1732 478 1875 513 sexus,

390 531 524 572 Terre
559 532 720 574 Sancte
750 532 895 583 utiles,
927 533 1039 575 bene
1073 541 1245 591 paratas
1276 549 1373 575 cum
1407 533 1610 591 expensis
1637 549 1879 591 procuran-

388 601 496 643 tium
525 611 568 644 et
601 603 706 645 alias
740 620 839 646 cum
873 604 1077 663 expensis
1104 604 1349 663 legatorum
1377 612 1419 646 et
1456 604 1640 646 aliorum
1663 620 1880 662 conques-

388 681 526 724 tuum,
551 690 691 732 usque
712 675 766 717 ad
791 691 907 717 mare
936 675 1229 734 undecunque
1259 675 1511 724 mittendas,
1552 683 1595 717 et
1631 675 1745 717 ultra
1785 691 1882 718 cum

389 744 600 802 impensis
626 746 826 804 predicte
865 747 1129 805 provisionis
1165 748 1455 798 transituras3
1493 746 1728 789 mittendas
1766 745 1882 788 vide·

389 815 493 858 licet
526 817 724 876 singulos
759 826 934 860 centum
966 819 1099 868 viros,
1132 818 1347 861 similibus
1381 818 1501 860 robis
1548 818 1742 867 indutos,
1786 833 1883 860 cum

389 888 582 930 baneriis
619 898 662 931 et
692 889 1086 932 instrumentorum
1120 890 1255 940 sonis,
1303 898 1348 932 ut
1393 890 1579 932 letantes
1616 889 1778 931 sorcius
1809 905 1883 930 va-

390 958 509 1010 dant,
542 969 584 1002 et
611 960 685 1002 alii
706 961 831 1003 multi
847 970 1103 1004 moveantur
1124 961 1178 1004 ad
1199 961 1473 1019 sequendum
1507 959 1709 1003 eosdem1
1734 979 1743 1012 ;
1777 976 1883 1002 con-

388 1031 654 1090 veniantque
680 1033 809 1075 simul
843 1049 995 1075 omnes
1024 1033 1077 1075 de
1118 1049 1379 1091 quacunque
1413 1032 1586 1075 civitate
1625 1040 1667 1074 et
1706 1031 1883 1090 dyocesi

388 1103 433 1144 in
460 1119 549 1145 uno
571 1103 685 1154 loco,
726 1104 796 1146 die
826 1120 940 1157 una;
977 1105 1061 1147 alio
1095 1104 1192 1147 loco
1227 1104 1385 1162 dieque
1412 1103 1693 1162 postmodum
1732 1118 1882 1145 omnes

389 1173 442 1216 de
465 1191 550 1216 una
576 1176 816 1233 provincia.
854 1177 1077 1218 Ducentes
1099 1191 1256 1218 uxores
1285 1175 1444 1217 faciant
1466 1191 1596 1217 unam
1621 1175 1848 1216 cohortem
1870 1192 1879 1226 ;

389 1253 432 1287 et
465 1262 552 1288 non
587 1246 815 1298 ducentes,
854 1247 1009 1299 aliam3
1046 1247 1243 1306 quelibet
1271 1247 1428 1288 cohors
1463 1247 1621 1288 habeat
1648 1262 1782 1288 unum
1810 1261 1885 1287 su-

388 1317 608 1375 periorem
634 1319 928 1377 justiciarium
957 1319 1026 1361 cui
1060 1335 1210 1361 omnes
1244 1319 1288 1360 in
1305 1319 1507 1360 omnibus
1535 1317 1759 1359 obediant.

450 1389 497 1432 Si
515 1406 617 1431 vero
644 1391 834 1432 transire
855 1391 1052 1433 volentes
1074 1390 1238 1432 liberos
1266 1390 1470 1448 parvulos
1493 1390 1698 1438 habeant,
1719 1388 1884 1430 dociles

389 1461 612 1503 dimittant
638 1463 758 1520 ipsos
775 1464 897 1520 juxta
919 1462 1215 1520 provisionem
1237 1461 1480 1520 predictam
1513 1461 1567 1503 ad
1593 1462 1686 1518 ejus
1719 1460 1883 1517 impen-

389 1549 457 1574 sas
485 1533 794 1585 instruendos3
820 1542 881 1584 ut,
913 1549 1010 1575 cum
1032 1533 1235 1575 instructi
1256 1542 1300 1575 et
1316 1533 1471 1575 nutriti
1491 1532 1669 1582 suerint,
1695 1546 1884 1589 sequan-

388 1613 459 1646 tur
486 1613 707 1663 parentes.
729 1606 803 1648 Sic
829 1605 1066 1647 verisimile
1089 1613 1154 1646 est
1177 1605 1296 1663 quod
1323 1604 1496 1663 singule
1518 1603 1759 1662 provincie,
1784 1602 1883 1644 civi-

387 1684 500 1718 tates
527 1685 568 1718 et
591 1676 685 1719 loca
707 1677 792 1718 sibi
813 1676 1064 1735 deputanda
1091 1677 1135 1718 in
1159 1677 1295 1719 Terra
1318 1677 1478 1719 Sancta
1512 1674 1778 1733 publicanda
1815 1673 1883 1715 ni-

388 1756 553 1798 tentur,
584 1756 738 1806 totque
779 1748 955 1790 mittent
990 1747 1156 1790 incolas
1196 1747 1314 1806 quod
1355 1755 1483 1789 erunt
1516 1747 1602 1788 cito
1629 1745 1880 1804 publicate;

390 1836 470 1862 nec
503 1836 592 1862 non
636 1819 755 1878 quod
787 1819 1005 1862 sufficient
1045 1819 1099 1861 ad
1135 1819 1478 1877 publicationem
1527 1826 1570 1860 et
1616 1817 1880 1867 tuitionem;

389 1892 706 1950 mittenturque
743 1891 907 1951 singuli
946 1891 1008 1933 sic
1047 1891 1179 1949 periti
1239 1890 1358 1949 quod
1390 1898 1436 1932 ut
1482 1889 1653 1947 pedites
1685 1903 1882 1946 pugnare

391 1964 536 2005 statim
556 1971 766 2022 poterunt
794 1971 1110 2022 competenter.

450 2110 588 2160 [LXVI]
636 2106 748 2151 108.
788 2107 837 2148 In
870 2106 1168 2164 assignatione
1198 2120 1300 2146 vero
1335 2104 1558 2146 civitatum
1591 2111 1634 2144 et
1667 2102 1879 2151 locorum,

389 2177 562 2219 videtur
583 2178 666 2220 hoc
679 2177 929 2220 nullatenus
951 2176 1241 2219 omittendum
1253 2175 1611 2234 propterbonum
1633 2189 1878 2223 commune,

390 2249 595 2291 videlicet
618 2249 736 2307 quod
759 2265 811 2291 ex
842 2265 958 2291 nunc
980 2256 1195 2290 statuatur
1217 2248 1261 2289 in
1283 2246 1470 2288 concilio
1491 2245 1609 2304 quod
1629 2245 1881 2287 hominibus

393 2308 530 2380 magis
558 2321 746 2379 agilibus
787 2329 830 2362 et
858 2320 998 2362 solitis
1032 2320 1076 2361 in
1115 2320 1203 2361 suis
1237 2318 1367 2360 terris
1408 2317 1626 2359 natalibus
1665 2331 1878 2375 pugnare,

124 2396 372 2458 Dttsffid‘gdssjgfflffi
391 2401 523 2450 prout
557 2401 659 2434 sunt
687 2392 882 2451 Hyspani
916 2400 958 2433 et
998 2390 1123 2433 multi
1160 2390 1248 2440 alii,
1292 2389 1572 2448 assignentur
1611 2387 1807 2429 civitates
1840 2395 1882 2428 et

160 2469 242 2493 'serre
262 2468 366 2496 θώω-
393 2472 532 2505 castra
556 2464 598 2505 in
627 2463 788 2505 finibus
817 2462 931 2504 dicte
953 2465 1088 2505 Terre
1107 2463 1204 2514 sita,
1230 2470 1276 2503 ut
1297 2459 1532 2519 paletando
1551 2467 1700 2501 contra
1713 2459 1878 2507 hostes,

394 2535 604 2592 quociens
627 2551 833 2577 neccesse
851 2534 996 2584 fuerit,
1014 2534 1122 2575 fines
1144 2534 1278 2591 ipsos,
1304 2533 1500 2574 civitates
1523 2539 1566 2573 et
1581 2538 1722 2573 castra
1735 2529 1881 2571 defen-

395 2606 514 2656 dant,
546 2622 800 2648 succursum
841 2606 1024 2647 aliorum
1052 2621 1148 2647 cum
1186 2621 1295 2663 opus
1331 2604 1463 2646 suerit
1490 2602 1697 2661 petituri;
1735 2609 1782 2643 ut
1821 2601 1883 2642 sic

394 2680 528 2720 Terra
557 2679 717 2720 Sancta
751 2677 886 2719 muris
920 2677 1048 2719 bonis
1081 2685 1374 2735 pugnatorum
1412 2673 1679 2723 circondata‚
1704 2672 1882 2715 finibus-

440 2834 472 2867 1.
503 2831 560 2866 Cf.
587 2831 780 2867 ci-dessus
802 2833 819 2876 ἓ
842 2833 896 2868 16.
