1942 3242
433 252 491 284 DE
521 252 940 285 RECUPERATIONE
969 252 1130 285 TERRE
1161 253 1359 286 SANCTE.
1603 253 1643 286 69

209 345 424 386 Poterunt
445 342 575 384 etiam
603 342 763 386 instrui
800 343 847 385 in
872 342 1074 401 pluribus
1096 342 1192 385 aliis
1215 342 1410 385 artificiis
1433 343 1487 385 ad
1507 345 1641 388 Terre

150 416 311 458 Sancte
333 414 711 473 recuperationem
738 422 782 456 et
813 414 1275 472 circumadjacentium
1299 414 1640 473 adquisitionem

149 486 496 536 conferentibus,
521 494 654 544 prout
680 485 829 544 plures
865 486 910 528 in
931 485 1093 528 talibus
1120 485 1362 544 prudentes
1396 494 1438 528 et
1470 487 1640 545 experti

146 557 338 602 viderint
359 557 568 616 expedire
589 575 599 610 3
625 574 708 616 que
736 557 919 599 artificia
939 573 1018 616 per
1047 573 1182 599 unum
1209 558 1418 617 cognosci
1436 566 1478 599 et
1499 558 1638 616 expli-

149 630 239 672 cari
265 644 354 672 non
380 637 578 688 possent,
604 636 862 688 argumento
883 644 1034 671 eorum
1055 645 1140 688 que
1162 645 1242 672 nos
1261 637 1303 671 et
1330 637 1477 689 patres
1499 630 1639 673 nostri

148 717 322 760 semper
347 701 536 743 vidimus
565 701 755 743 evenire.

208 774 387 816 Certum
414 780 480 815 est
507 781 550 815 et
577 781 749 815 constat
776 772 947 815 oculata
974 772 1076 823 fide,
1108 788 1237 831 quam
1272 773 1454 815 cuilibet
1475 773 1528 815 de
1558 789 1638 832 po-

146 845 252 904 pulo
277 844 450 887 videtur
477 843 567 886 falli
597 860 686 886 non
725 860 870 903 posse,
911 844 1030 902 quod
1068 844 1113 886 in
1142 844 1313 887 duobus
1351 845 1422 887 vix
1454 853 1496 886 et
1532 861 1637 887 non-

147 933 277 975 quam
308 917 354 958 in
384 916 528 958 tribus
565 915 761 958 artificiis
794 916 952 974 aliquis
975 916 1194 974 reperitur
1233 916 1478 969 excellens3
1527 933 1637 975 quo-

146 987 277 1030 modo
327 1003 433 1047 ergo
502 995 654 1046 posset
707 987 865 1046 aliquis
917 987 962 1029 in
1020 987 1224 1030 omnibus
1287 987 1499 1039 artificiis,
1552 1005 1637 1047 que

146 1058 291 1119 quoad
312 1074 392 1101 nos
413 1067 514 1101 sunt
540 1058 727 1110 infinita,
758 1059 976 1101 excellens
1004 1059 1227 1118 reperiri?
1259 1060 1306 1102 Si
1332 1075 1422 1101 non
1448 1060 1493 1101 in
1533 1059 1637 1102 arti-

145 1131 274 1182 ficiis,
305 1146 412 1190 ergo
439 1147 520 1173 nec
546 1131 592 1173 in
620 1146 772 1173 eorum
806 1130 1187 1181 determinatione,
1220 1131 1361 1173 causis
1388 1140 1431 1173 et
1459 1131 1637 1174 diversi-

144 1211 248 1260 tate.
283 1203 349 1245 Ex
374 1203 534 1261 quibus
575 1203 775 1261 sequitur
807 1203 964 1245 horum
1000 1203 1239 1261 perfectam
1275 1203 1520 1245 doctrinam
1559 1220 1639 1262 per

144 1290 279 1317 unum
301 1282 492 1316 actorem
518 1274 634 1316 tradi
662 1290 750 1316 non
771 1291 931 1332 possc;
962 1276 1086 1333 cujus
1110 1275 1220 1316 ratio
1248 1283 1329 1325 est,
1366 1283 1414 1318 ut
1445 1274 1634 1325 videtur,

145 1346 352 1405 quoniam
369 1354 488 1388 actor
510 1354 680 1397 nature,
712 1346 996 1404 superbiendi
1019 1346 1175 1388 tollere
1190 1347 1341 1388 volens
1364 1347 1637 1389 occasionem

145 1433 452 1476 quamcunque
487 1433 534 1459 ac
568 1418 698 1460 etiam
743 1417 893 1459 mondi
923 1434 993 1460 res
1033 1418 1393 1476 concupiscendi,
1432 1435 1511 1460 nec
1548 1434 1637 1461 non

145 1489 275 1531 etiam
305 1488 408 1531 darc
446 1488 653 1540 colorem,
685 1505 858 1531 causam
885 1498 928 1531 et
964 1490 1239 1532 occasionem
1273 1490 1455 1532 cuilibet
1490 1506 1637 1532 secum

143 1576 422 1619 possessores
462 1576 608 1602 rerum
648 1569 691 1603 et
730 1561 1014 1603 artificiorum
1060 1570 1230 1603 actores
1270 1562 1507 1613 tolerandi,
1548 1578 1636 1604 non

143 1632 241 1690 plus
263 1631 413 1673 debito
435 1632 780 1690 concupiscendi
802 1641 844 1674 et
864 1633 1107 1683 invidendi,
1134 1633 1196 1675 sic
1223 1633 1369 1675 omnia
1397 1634 1541 1691 quoad
1562 1635 1634 1676 ho-

144 1703 284 1746 mines
312 1703 415 1745 fecit
439 1703 626 1754 infinita,
657 1704 861 1746 videlicet
899 1704 1117 1762 ydiomata
1155 1713 1243 1746 tam
1279 1705 1470 1747 litterata
1508 1722 1637 1763 quam

145 1783 356 1826 materna,
388 1775 498 1825 loca,
531 1775 763 1834 regiones;
794 1775 976 1818 artificia
1000 1776 1128 1818 etiam
1161 1776 1205 1817 in
1232 1784 1401 1818 tantum
1430 1777 1636 1836 multipli-

146 1847 256 1906 cavit
283 1846 402 1905 quod
422 1862 503 1888 nec
530 1863 643 1888 unus
664 1847 812 1897 homo,
837 1863 918 1889 nec
945 1856 1136 1898 centum,
1162 1863 1242 1890 nec
1264 1848 1398 1898 mille,
1429 1864 1510 1890 nec
1532 1865 1636 1891 cen-

145 1925 238 1960 tum
266 1918 400 1968 milia,
432 1934 513 1960 nec
538 1919 704 1960 centies
735 1919 854 1960 mille
876 1919 993 1961 milia
1016 1919 1101 1961 sibi
1131 1918 1333 1961 sufficere
1371 1928 1554 1978 possent
1583 1921 1637 1963 ad

147 1989 260 2031 bene
287 1989 536 2039 vivendum,
567 1997 610 2031 et
631 1989 750 2047 quod
778 1990 891 2032 adsit
918 1991 1031 2032 bene
1051 1991 1300 2041 vivendum,
1325 2000 1457 2050 prout
1485 2001 1550 2034 est
1572 2009 1636 2034 so-

147 2060 287 2110 litum,
313 2060 397 2102 sibi
418 2060 603 2103 invicem
632 2077 718 2102 non
742 2060 994 2104 sufficerent
1014 2062 1214 2104 homines
1242 2063 1371 2105 unius
1391 2063 1632 2121 provincie,

146 2147 227 2174 nec
247 2132 377 2174 unius
397 2132 537 2191 regni,
564 2148 644 2174 nec
671 2133 819 2183 trium,
851 2149 931 2175 nec
959 2133 1124 2176 decem.
1157 2133 1287 2189 Quod
1308 2135 1352 2176 in
1379 2142 1548 2176 tantum
1569 2151 1636 2176 ve-

146 2219 241 2245 rum
287 2212 369 2253 est,
411 2203 528 2262 quod
564 2219 715 2246 omnes
760 2205 959 2247 homines
1004 2205 1135 2263 hujus
1175 2205 1322 2248 mondi
1376 2206 1637 2265 regulariter

146 2283 328 2333 apparet
355 2291 451 2316 esse
479 2275 650 2317 futuros
678 2275 732 2317 ad
754 2277 867 2318 bene
899 2276 1132 2319 vivendum
1161 2277 1245 2319 sibi
1273 2278 1458 2320 invicem
1493 2278 1636 2320 conse-

146 2354 320 2397 rentes3
351 2362 403 2388 ex
429 2362 516 2405 quo
543 2347 743 2405 sequitur
763 2347 881 2406 quod
904 2348 998 2390 sine
1021 2349 1386 2407 coneupiscencia
1399 2349 1632 2400 etinvidia‚

145 2417 452 2476 prosperitatis
481 2418 690 2460 naturalis
712 2418 885 2461 fortune
908 2419 1158 2477 cujuslibet,
1183 2419 1347 2462 debent
1370 2421 1569 2463 homines
1591 2438 1636 2463 se

145 2488 332 2531 invicem
352 2488 558 2539 tolerare,
589 2489 643 2531 ad
663 2490 801 2532 instar
821 2491 1065 2550 gregalium
1087 2491 1338 2534 animalium
1358 2509 1442 2550 que
1464 2509 1509 2534 se
1525 2493 1636 2535 invi-

146 2667 299 2701 timents
320 2666 502 2701 sublimes
523 2667 542 2700 Ξι
562 2667 628 2700 des
651 2667 816 2701 reveries
838 2669 883 2702 de
913 2668 1146 2703 visionnaire
1175 2670 1269 2703 dans
1294 2682 1363 2703 son
1382 2672 1563 2716 opuscule
1586 2674 1636 2706 De

147 2713 323 2762 speculis,
359 2727 431 2748 une
458 2715 524 2747 des
562 2714 703 2760 parties
746 2715 799 2748 les
837 2716 959 2749 moins
1003 2716 1144 2749 solides
1173 2717 1217 2749 de
1258 2730 1325 2750 son
1361 2731 1498 2752 oeuvre.
1538 2719 1634 2765 Voy.

151 2763 255 2809 Opus
276 2762 435 2800 tertium,
459 2763 519 2796 ed.
555 2762 718 2797 Brewer.
740 2775 775 2807 p.
797 2764 885 2798 116:
922 2777 940 2796 «
969 2763 1005 2797 Si
1038 2764 1235 2797 duodecim
1267 2765 1353 2799 talia
1384 2766 1534 2810 specula
1568 2767 1635 2800 ha-

149 2808 281 2843 berent
301 2809 356 2843 illi
374 2809 437 2856 qui
460 2815 547 2843 sunt
569 2810 664 2843 ultra
684 2822 784 2843 mare
801 2810 1022 2851 Christiani,
1041 2812 1115 2856 ipsi
1132 2811 1211 2844 sine
1231 2813 1414 2848 effusione
1438 2814 1635 2861 sanguinis

149 2856 333 2904 pellerent
355 2857 583 2892 Sarracenos
606 2858 650 2891 de
674 2857 815 2892 finibus
837 2870 977 2892 eorum.
1005 2871 1022 2891 »

1660 783 1752 810 infinie
1803 783 1906 811 variet&-

1694 819 1742 846 des
1784 821 1907 847 connais-

1693 864 1786 882 sances
1804 856 1908 884 humal-

1693 900 1750 919 nes.
