1942 3242
418 199 478 234 DE
508 199 929 236 RECUPERA'PIONE
959 200 1121 235 TERRE
1152 200 1350 235 SANCTE.
1590 200 1627 234 77

201 293 285 339 96.
318 292 409 337 Sed
427 292 547 351 quod
569 308 734 335 summe
755 292 959 351 expediet
976 293 1212 351 juvenibus
1234 293 1288 335 ad
1306 293 1628 351 experienciam

135 366 309 410 modico
338 373 538 422 tempore
573 365 698 422 quasi
729 364 822 406 sine
856 364 1006 406 labore
1039 364 1398 422 perquirendam,
1439 365 1475 406 si
1507 381 1627 408 sanc-

133 438 305 481 tissimo
333 436 511 479 domino
534 452 713 477 romano
740 435 939 494 pontifici
967 435 1110 478 facere
1137 436 1353 494 placuerit
1379 437 1497 478 hunc
1525 453 1628 494 pro-

135 508 323 552 cedendi
358 507 535 550 modum
564 507 743 558 servari,
777 515 954 565 paratus
982 507 1066 549 erit
1101 507 1292 565 scriptor
1324 508 1455 565 hujus
1481 507 1628 566 operis

134 581 179 623 in
206 579 412 623 omnibus
449 578 695 620 actionibus
735 594 814 636 per
848 578 1072 620 dominum
1115 577 1425 621 Rainfredum¹
1462 579 1505 621 in
1538 579 1628 620 suis

133 652 365 709 utriusque
391 650 504 708 juris
540 649 702 691 libellis
737 650 882 700 tactis,
914 650 1100 692 similem
1133 650 1310 692 modum
1343 650 1628 692 articulorum

134 731 178 765 et
204 721 527 771 defensionum,
559 721 688 763 etiam
715 721 759 762 in
788 721 992 763 omnibus
1019 722 1288 779 attemptatis
1317 721 1628 779 questionibus

134 793 462 852 emergentibus
490 801 533 834 et
558 792 858 834 incidentibus
888 792 1079 843 tradere,
1115 793 1196 834 sub
1218 793 1494 835 correctione
1522 809 1628 851 pru-

134 865 344 916 dentum3
386 880 466 922 per
500 863 619 922 quod
657 879 785 921 OPUS,
820 864 855 905 si
890 864 1014 906 fieret
1054 873 1097 906 et
1136 864 1198 906 uti
1238 864 1448 922 placeret,
1494 866 1630 906 Terra

136 937 295 979 Sancta
317 943 664 994 consequeretur
678 935 766 976 hoc
788 935 1066 977 commodum
1094 935 1214 993 quod
1241 952 1392 977 omnes
1415 936 1481 977 sui
1507 936 1628 977 habi-

132 1015 314 1058 tatores,
343 1006 454 1065 juris
476 1006 608 1064 periti
630 1007 800 1065 experti
826 1006 870 1048 in
898 1005 1053 1048 officiis
1081 1007 1351 1064 postulandi,
1379 1007 1625 1065 judicandi,

134 1078 410 1138 predicandi,
452 1078 764 1136 sapienciaque
798 1077 945 1120 divina
979 1078 1199 1137 fulgentes
1233 1095 1329 1120 esse
1356 1087 1553 1136 possent,
1588 1086 1630 1120 et

134 1149 178 1192 in
217 1149 294 1192 tali
328 1157 443 1192 statu
477 1149 551 1191 diu
589 1148 796 1191 videlicet
835 1166 913 1207 per
951 1151 1158 1207 majorem
1190 1149 1320 1209 longe
1349 1158 1518 1208 partem
1553 1166 1629 1192 sue

132 1221 219 1264 vite
249 1221 424 1271 durare,
455 1236 544 1262 non
573 1220 660 1263 cito
696 1220 943 1263 deficiendo
978 1237 1075 1263 cum
1111 1212 1360 1279 inciperent
1393 1222 1626 1280 proficere,

133 1301 265 1352 prout
293 1293 552 1351 contingere
580 1291 840 1350 plerumque
870 1292 1057 1334 vidimus
1093 1293 1306 1335 hactenus
1340 1302 1382 1335 et
1412 1293 1625 1337 videmus.

136 1365 210 1408 Sic
242 1363 442 1423 predicta
480 1363 673 1422 provisio
714 1363 927 1406 sciencias
970 1364 1243 1415 addiscendi,
1288 1373 1330 1407 et
1369 1366 1432 1407 eis
1477 1366 1630 1408 utendi

135 1436 240 1478 alias
277 1452 406 1495 quam
442 1435 655 1477 hactenus
694 1434 775 1478 fuit
806 1435 999 1485 solitum,
1043 1452 1225 1495 magnos
1257 1438 1388 1478 immo
1419 1438 1629 1480 maximos

135 1508 318 1550 haberet
363 1506 546 1549 effectus
585 1506 640 1549 ad
689 1506 1006 1565 rempublicam
1053 1509 1187 1550 Terre
1235 1510 1395 1551 Sancte
1442 1509 1630 1551 feliciter

135 1578 488 1639 gubernandum.
538 1579 673 1636 Cujus
724 1578 988 1636 provisionis
1029 1578 1276 1630 effectibus,
1320 1581 1540 1622 exercitiis
1585 1589 1629 1623 et

135 1650 426 1708 experienciis
442 1665 491 1692 ac
513 1649 776 1692 utilitatibus
794 1639 1084 1692 consideratis
1107 1650 1360 1710 diligenter,
1386 1660 1427 1693 et
1449 1653 1628 1694 attentis

135 1721 266 1781 longe
283 1721 522 1779 majoribus
538 1737 667 1779 quam
687 1720 817 1763 modo
834 1721 954 1763 credi
977 1730 1142 1779 posset,
1158 1723 1457 1765 verisimiliter
1473 1723 1628 1766 estimo

136 1793 255 1851 quod
273 1793 405 1835 talem
432 1792 609 1834 modum
637 1792 735 1834 lites
764 1792 1034 1843 abreviandi,
1065 1809 1144 1851 per
1171 1795 1358 1851 majores
1386 1794 1628 1852 prudentes

136 1863 472 1915 emendandum,
498 1864 830 1923 complectetur,
851 1864 1021 1906 favente
1039 1866 1243 1916 Domino,
1267 1874 1357 1908 tota
1379 1867 1629 1924 respublica

76 1940 79 1943 ”
136 1951 430 1986 romanorum,
485 1935 690 1978 videlicet
741 1935 1015 1994 singulorum
1062 1936 1247 1979 ecclesie
1300 1954 1476 1980 romane
1522 1939 1627 1980 obe-

137 2006 372 2049 diencium.

197 2153 323 2204 [Lvn]
351 2149 432 2195 97.
467 2148 654 2192 Multum
681 2157 824 2193 autem
853 2158 1133 2209 apparenter,
1164 2152 1477 2210 apparenciam
1503 2151 1626 2195 forti-

138 2221 293 2264 ficante
320 2221 531 2263 malorum
555 2222 748 2264 omnium
771 2222 1054 2264 callidissimo
1076 2239 1254 2265 suasore
1276 2240 1372 2266 cum
1390 2224 1479 2266 suis
1502 2225 1626 2267 coad-

133 2292 356 2350 jutoribus
394 2292 594 2343 infinitis,
649 2293 812 2351 poterit
862 2294 1054 2352 opponi:
1103 2312 1124 2335 «
1166 2296 1251 2337 Per
1293 2295 1412 2337 hunc
1451 2296 1627 2338 modum

74 2389 78 2392 ·
138 2363 329 2414 brevem,
361 2379 491 2421 quem
520 2363 630 2406 dicis
667 2373 710 2406 et
746 2365 1037 2422 probabiliter
1074 2365 1230 2407 suades
1266 2367 1628 2425 compendiosum

138 2435 314 2477 modum
359 2434 458 2477 lites
492 2435 761 2485 abreviandi,
794 2444 842 2477 tu
881 2436 1000 2478 tollis
1046 2437 1283 2479 multorum
1318 2438 1483 2495 jurium
1531 2455 1626 2481 cum

135 2505 282 2548 multis
317 2505 481 2565 vigiliis
519 2506 867 2565 excogitatorum
908 2506 1090 2549 effectus
1124 2516 1167 2550 et
1203 2509 1493 2566 provisiones,
1542 2527 1627 2568 que

137 2576 190 2619 de
218 2577 339 2620 nullo
361 2577 567 2628 servient,
590 2586 633 2619 et
654 2577 816 2620 frustra
845 2579 1120 2621 membranas
1148 2581 1427 2638 occupabunt
1459 2599 1495 2623 ».

187 2755 220 2789 1.
250 2754 280 2789 Il
302 2755 379 2790 faut
398 2754 467 2790 lire
490 2768 578 2790 sans
598 2755 711 2789 doute
731 2769 749 2789 «
763 2755 980 2790 Ross'redum
997 2770 1032 2792 ».
1057 2757 1129 2792 Sur
1144 2757 1177 2791 le
1200 2758 1396 2792 canoniste
1411 2759 1623 2800 Roffredus,

142 2802 187 2836 cf.
211 2802 245 2838 J.
271 2803 311 2837 F.
328 2815 400 2837 von
424 2803 588 2844 Schulte,
612 2815 673 2851 op.
697 2804 775 2844 cit„
800 2803 848 2843 11,
870 2805 926 2839 75.

1649 302 1738 330 Offres
1749 301 1782 329 de
1791 301 1896 330 service

1685 338 1717 365 de
1735 338 1858 366 l'auteur.

1648 2164 1799 2199 Objeetions
1851 2164 1895 2200 qni

1684 2205 1774 2227 seront
1790 2200 1867 2227 faites
1881 2203 1896 2226 a

1683 2236 1708 2262 lu
1748 2235 1896 2272 procedure

1684 2272 1817 2299 nouvelle.
