1942 3242
56 1021 93 1046 Do
111 1017 230 1045 ravidite
253 1017 301 1044 des

88 1054 201 1089 moines,
258 1053 302 1090 qui

89 1090 232 1153 55:332?
255 1089 302 1152 ,1¹5

90 1170 163 1188 vret-
236 1134 252 1161 P

56 1714 196 1750 (Prieni-es
253 1724 305 1742 non

92 1751 277 1787 conventuels)

314 206 352 238 24-
859 210 1045 243 PIERRE
1075 211 1267 245 DUBOIS.

313 312 498 356 arguere
525 298 666 341 litium
688 308 918 351 amatores,
943 309 987 343 et
1006 301 1280 345 insecutores
1300 303 1573 361 cupiditatiS,
1600 303 1802 354 avaricie,

314 377 358 411 et
383 369 605 427 injusticie
633 378 676 412 et
708 370 812 413 alias
843 372 993 414 solitas
1025 374 1269 432 passiones,
1295 374 1495 417 dicunt¹:
1530 376 1672 418 Multa
1695 376 1808 417 bona

315 442 521 483 audimus
559 441 637 484 lzos
676 442 912 502 loquentes,
955 454 996 486 et
1033 446 1221 488 videmus
1254 446 1347 488 alia
1381 447 1610 505 facientes.
1643 448 1808 489 Bossu-

317 528 412 554 mus
441 512 494 554 de
530 513 626 555 istis
662 523 762 572 post
791 515 1061 558 salvatorem
1088 525 1287 559 nostrum
1316 517 1463 560 dicere
1490 526 1533 560 et
1559 517 1772 560 recitare²
1796 534 1805 559 :

316 585 459 641 Super
497 585 752 628 cathedram
794 587 938 643 Moysi
974 594 1177 630 sederunt
1213 589 1354 630 scribe
1387 599 1427 630 et
1458 589 1665 631 Pharisei
1681 603 1699 642 ,·
1733 604 1810 647 que

318 657 478 709 dicant,
511 658 661 715 facite,
699 659 778 700 sed
811 675 889 718 que
916 660 1106 718 faciunt,
1141 661 1308 719 facere,
1352 662 1498 703 nolite.
1535 663 1577 702 A
1586 661 1810 718 fructibus

319 744 464 770 eorum
504 728 563 785 (id
602 737 669 770 est
707 730 934 788 operibus)
975 735 1238 789 cognoscetis
1265 748 1350 774 eos.
1382 732 1451 774 Ad
1478 732 1597 790 quod
1624 748 1669 774 se
1696 731 1810 774 refe-

321 815 422 841 rens
445 800 742 859 Philosophus
764 802 919 859 quinto
951 803 1184 845 Moralium
1218 803 1304 845 ait:
1347 805 1433 862 Qui
1471 804 1583 845 bona
1620 804 1812 863 loquitur

321 881 361 913 et
381 872 503 913 mala
523 882 746 930 operatur,
759 873 937 932 falsum
964 875 1180 917 doctorem
1202 891 1248 917 se
1264 876 1422 933 probat
1448 885 1488 917 et
1513 876 1698 927 ostendit
1708 874 1735 917 ³.

383 1019 492 1069 [XVI]
533 1015 616 1060 30.
648 1016 912 1058 Considerct
939 1017 1070 1058 etiam
1098 1033 1291 1059 summus
1323 1018 1591 1076 apostolicus
1623 1017 1812 1076 qualiter

324 1086 521 1145 religiosi
548 1087 716 1129 ordinis
741 1089 891 1130 Sancti
919 1088 1151 1131 Benedicti
1179 1090 1469 1131 communiter
1497 1098 1540 1131 et
1566 1098 1613 1131 ut
1639 1090 1683 1131 in
1710 1089 1812 1148 plu-

324 1158 446 1199 ribus
470 1158 513 1199 in
535 1158 664 1200 domo
684 1159 861 1201 Domini
878 1169 1191 1202 conversantur
1214 1161 1410 1211 abbates,
1436 1161 1510 1219 qui
1533 1161 1676 1203 omnia
1698 1161 1813 1203 bona

324 1230 579 1272 monasterii
600 1230 828 1288 possidere
851 1239 893 1273 et
912 1247 1084 1274 servare
1102 1231 1281 1282 debent,
1305 1232 1566 1291 plerumque
1587 1241 1688 1274 sunt
1710 1248 1813 1291 pau·

324 1317 468 1359 peres.
500 1303 707 1344 Monaehi
728 1303 803 1360 qui
826 1303 919 1345 sine
940 1312 1121 1361 peccato
1149 1304 1322 1346 mortali
1344 1305 1455 1346 nihil
1483 1304 1814 1363 appropriatum

324 1381 508 1430 possunt
530 1373 708 1424 habere,
735 1374 891 1416 divites
914 1383 1029 1425 sunt,
1056 1375 1460 1418 administrationes
1488 1376 1533 1418 in
1556 1376 1750 1418 abbaciis
1771 1383 1815 1417 et

324 1452 443 1486 extra
467 1453 685 1502 querunt3
712 1445 880 1496 sitiunt,
905 1454 952 1487 ut
980 1462 1131 1488 aurum
1160 1454 1203 1488 et
1230 1455 1461 1505 argentum
1488 1447 1533 1488 in
1560 1447 1717 1489 loculis
1743 1463 1814 1489 re-

323 1524 505 1572 ponant,
532 1532 616 1574 que
639 1516 895 1575 frequenter
922 1518 1011 1559 suis
1037 1518 1218 1560 tradunt
1246 1519 1411 1568 amicis,
1444 1519 1603 1576 quibus
1631 1518 1694 1560 eis
1722 1534 1814 1560 mo-

325 1586 541 1629 rientibus
561 1588 797 1646 aliquando
818 1597 1048 1631 remanent
1070 1605 1167 1631 cum
1189 1590 1439 1647 perditione
1461 1591 1701 1632 animarum
1723 1597 1814 1631 tra-

327 1657 470 1700 dentis
487 1667 528 1700 et
549 1659 821 1717 recipientis.
845 1662 963 1702 Inter
985 1661 1065 1702 hos
1086 1662 1324 1703 monachos
1348 1670 1607 1719 reputantur
1625 1661 1814 1719 pruden-

327 1729 466 1771 ciores
490 1731 565 1788 qui
592 1731 690 1789 plus
712 1732 877 1773 habent
904 1732 947 1773 in
976 1732 1148 1782 loculis,
1182 1741 1332 1775 contra
1362 1741 1510 1775 votum
1539 1749 1615 1775 sue
1643 1732 1815 1791 profes-

328 1801 479 1843 sionis.
511 1803 588 1844 Isti
610 1803 807 1862 religiosi
835 1812 955 1845 extra
983 1804 1187 1846 abbacias
1216 1805 1376 1846 multos
1403 1805 1568 1846 habent
1594 1805 1815 1862 prioratus

328 1887 416 1913 non
443 1874 769 1924 conventuales,
806 1891 887 1933 pro
915 1875 1086 1917 duobus
1113 1876 1180 1917 vel
1208 1876 1351 1918 tribus
1381 1875 1606 1918 monachis
1634 1891 1815 1934 magnos

328 1943 528 1986 redditus
549 1946 778 1996 habentes,
804 1963 990 2004 quorum
1012 1946 1253 1989 forensium
1280 1947 1477 1990 locorum
1505 1947 1677 2005 priores
1705 1946 1816 1988 resi-

330 2014 463 2056 duum
496 2025 596 2074 post
630 2033 781 2059 eorum
807 2018 969 2059 victum
998 2026 1040 2060 et
1067 2019 1288 2069 vestitum,
1320 2019 1423 2060 licet
1454 2018 1621 2061 Christi
1648 2033 1816 2076 paupe-

329 2085 450 2128 ribus
485 2087 697 2138 debitum,
738 2097 958 2146 reponunt
994 2089 1037 2130 in
1075 2089 1230 2131 loculis
1274 2089 1327 2131 ad
1365 2089 1627 2149 litigandum
1665 2097 1815 2131 contra

330 2174 431 2200 suos
459 2159 639 2201 abbates
666 2160 733 2202 vel
756 2160 839 2202 alia
867 2160 976 2202 mala
1006 2160 1269 2211 faciendum,
1301 2161 1453 2203 saltem
1481 2161 1535 2202 ad
1562 2160 1707 2202 omnia
1735 2160 1817 2202 alia

330 2246 405 2272 sua
428 2245 577 2288 opera,
608 2231 738 2273 etiam
766 2232 1003 2283 orationes,
1032 2231 1414 2284 mortificandum3
1448 2231 1642 2290 quandiu
1669 2239 1816 2274 custo-

375 2439 409 2471 1.
438 2437 571 2477 Math.‚
596 2437 732 2478 XXIII,
759 2439 789 2471 2.

376 2487 406 2519 2.
440 2485 572 2525 Mam„
596 2485 679 2525 VII,
705 2487 761 2521 16.

375 2534 408 2567 3.
439 2533 467 2565 11
489 2539 547 2566 est
568 2533 708 2565 certain
734 2544 806 2579 que
827 2533 881 2566 les
906 2533 1179 2567 contestations
1209 2533 1385 2567 relatives
1413 2546 1458 2567 au
1480 2533 1663 2578 tempor-el
1685 2538 1722 2565 et
1743 2533 1760 2566 a
1784 2533 1815 2566 la

324 2580 544 2625 juridiction
567 2580 852 2626 ecclesiastique
875 2580 1075 2614 formaient
1097 2594 1142 2614 au
1166 2589 1245 2614 xm⁶
1265 2581 1377 2614 siecle
1399 2581 1432 2614 le
1455 2581 1539 2626 plus
1561 2593 1651 2625 gros
1674 2580 1817 2613 contin-

327 2634 416 2672 gent
438 2628 504 2661 des
525 2629 659 2672 proces
683 2627 827 2672 plaides
850 2640 894 2661 en
913 2628 1064 2673 justice.
1087 2629 1225 2673 Voyez,
1251 2629 1269 2661 a
1291 2641 1332 2662 ce
1354 2628 1464 2673 sujet‚
1485 2641 1531 2661 au
1554 2627 1660 2672 point
1682 2629 1726 2660 de
1749 2639 1816 2660 vue

328 2675 463 2721 la'ique,
486 2675 540 2708 les
563 2675 867 2709 considerations
889 2676 934 2708 de
950 2675 1097 2708 Dubois
1120 2676 1320 2715 lui-meme,
1340 2676 1433 2709 daus
1457 2676 1488 2709 la
1513 2675 1674 2708 seconde
1697 2675 1817 2719 partie

327 2723 376 2755 du
404 2724 455 2755 De
485 2722 736 2756 abreviatione
765 2723 847 2768 (fol.
876 2723 947 2767 13),
981 2721 1029 2762 et{
1063 2736 1110 2756 au
1136 2723 1243 2769 point
1273 2724 1318 2756 de
1339 2734 1408 2756 vue
1430 2722 1729 2768 ecclesiastique‚
1761 2722 1816 2755 les

327 2774 445 2803 textos
469 2769 617 2815 publies
644 2781 711 2815 par
731 2770 764 2803 le
788 2771 828 2803 P.
852 2769 979 2809 Ehrle,
1004 2770 1072 2804 Eia
1095 2770 1326 2804 Brachstuclc
1353 2769 1419 2804 der
1438 2771 1552 2804 Acten
1580 2769 1645 2803 des
1670 2768 1816 2804 Concils

327 2828 391 2851 von
417 2817 545 2852 Vienne
565 2817 721 2863 (Archiv
739 2817 798 2851 fiir
817 2817 1007 2852 Literatur
1028 2818 1099 2851 and
1123 2818 1521 2863 Kircheugeschichte‚
1545 2823 1569 2851 t.
1595 2817 1679 2862 IV.)
