1942 3242
442 211 501 246 DE
531 209 953 246 RECUPERATIONE
981 208 1144 244 TERRE
1174 210 1366 246 SANCTE.
1612 211 1650 246 79

154 305 334 364 facilior
366 304 674 358 consideratio,
709 313 750 345 et
777 318 863 361 per
895 317 1161 361 consequens
1184 303 1405 359 judicium
1445 306 1645 346 rationis.

160 374 290 430 Quod
316 375 447 417 etiarn
474 383 594 433 patet
614 391 667 416 ex
691 374 776 416 hoc
797 373 917 432 quod
943 373 1084 414 omnis
1112 374 1433 431 argumentatio
1459 382 1582 417 tenet
1609 383 1652 417 et

158 447 373 506 probatur
407 445 550 489 valida
581 462 660 504 per
698 446 904 487 virtutem
939 444 1185 503 sillogismi,
1225 442 1301 503 qui
1328 453 1394 487 est
1423 461 1651 504 argumen-

158 519 266 560 tatio
317 517 528 577 perfecta‚
583 533 714 575 super
759 532 910 558 omnes
961 515 1233 566 brevissima,
1289 517 1653 575 neccessarioque

160 589 445 640 concludens,
489 589 692 631 omnibus
738 587 1191 646 argumentationibus
1237 587 1419 630 formam
1464 596 1507 630 et
1557 605 1653 631 esse

160 669 377 719 prestans.
410 660 579 703 Idcirco
607 659 907 718 supradictum
935 667 1001 700 est
1029 658 1147 716 quod
1174 675 1325 701 omnes
1354 660 1484 717 hujus
1510 661 1651 718 provi-

161 732 298 775 sionis
324 732 515 774 scolares
542 731 584 773 in
618 730 831 790 dyaletica
866 738 909 772 et
941 729 1262 788 aliquantulum
1295 731 1339 772 in
1370 730 1652 790 philosophia

160 803 448 854 instruantur,
496 811 543 845 ut
588 802 764 844 modum
810 801 1025 861 arguendi
1070 809 1113 843 et
1150 801 1449 860 comparandi,
1500 819 1651 845 causas

159 874 341 933 petendi
365 874 419 917 ad
445 873 649 916 effectum
676 889 840 924 earum,
871 872 1076 915 videlicet
1110 872 1438 915 conclusionem
1464 875 1651 932 peticio-

160 962 264 989 num
291 954 610 1004 comparantes,
637 944 835 1003 judicare
857 944 997 987 sciant
1016 952 1162 986 utrum
1183 944 1396 1002 premisse
1424 945 1511 987 sint
1531 962 1648 997 vere,

160 1026 203 1060 et
240 1026 386 1060 utrum
429 1034 481 1060 ex
524 1033 672 1060 earum
715 1017 899 1059 veritate
933 1016 1210 1058 neccessario
1238 1024 1447 1074 sequatur
1491 1018 1651 1059 veritas

160 1089 458 1131 conclusionis
486 1088 728 1132 secundum
761 1087 937 1147 regulas
971 1087 1260 1146 supradictas.
1300 1089 1392 1130 Hoc
1419 1088 1549 1130 modo
1580 1091 1652 1147 ju-

159 1160 280 1203 dices
302 1161 415 1219 juris
442 1160 590 1219 periti,
615 1160 775 1202 multos
797 1175 1031 1218 processus
1052 1159 1202 1201 videre
1223 1175 1311 1201 non
1332 1167 1552 1218 potentes,
1574 1177 1653 1218 per

159 1231 268 1274 alios
295 1232 440 1274 minus
468 1232 652 1290 peritos,
685 1238 906 1290 expertos,
943 1247 1177 1289 processus
1206 1230 1347 1272 videri
1378 1230 1521 1273 facere
1553 1247 1651 1273 con-

158 1312 423 1356 sueverunt3
456 1303 628 1361 sibique
658 1302 767 1345 sacta
799 1302 1028 1353 relatione,
1061 1302 1142 1344 sub
1179 1302 1454 1360 breviloquio
1488 1319 1651 1362 propo-

160 1374 343 1416 sitorum
383 1383 426 1416 et
462 1375 764 1433 probatorum,
802 1373 1018 1432 judicare,
1065 1373 1271 1431 quatinus
1310 1374 1543 1432 probatum
1586 1383 1652 1417 est

159 1445 540 1504 condempnando,

216 1518 465 1559 Intellectus
502 1521 612 1559 enim
652 1517 888 1569 humanas,
933 1524 979 1558 ut
1018 1516 1077 1558 ait
1116 1515 1429 1574 Philosophus,
1465 1517 1651 1575 simplex

157 1598 234 1643 est,
266 1599 306 1630 et
330 1584 616 1643 indivisibilis,
648 1598 688 1630 et
721 1589 796 1630 abi
813 1604 859 1630 se
880 1591 1102 1641 convertit,
1136 1588 1327 1630 totaliter
1346 1604 1392 1630 se
1418 1592 1650 1642 convertit,-

157 1668 200 1701 et
246 1660 411 1702 idcirco
442 1669 611 1702 tantum
645 1676 780 1702 unum
818 1659 962 1710 simul,
1001 1659 1206 1702 videlicet
1240 1659 1394 1701 eodem
1432 1668 1648 1718 tempore,

157 1731 380 1791 intelligit.
421 1732 568 1774 Primo
604 1748 710 1790 ergo
756 1731 1037 1773 considerare
1074 1731 1206 1772 debet
1245 1746 1418 1772 causam
1452 1731 1648 1789 petendi,

158 1811 305 1845 utrum
332 1803 546 1863 legittima
567 1811 648 1854 est,
673 1803 719 1846 id
740 1811 806 1844 est
822 1803 912 1861 juri
935 1819 1154 1855 consona3
1178 1803 1282 1844 item
1297 1810 1340 1844 et
1360 1810 1506 1844 utrum
1526 1819 1651 1856 vera;

161 1883 204 1916 et
233 1874 530 1933 postmodum,
564 1883 727 1926 utrum,
759 1891 808 1916 ea
843 1874 986 1932 posita
1006 1890 1122 1925 vera,
1149 1875 1424 1916 neccessario
1454 1874 1654 1932 sequitur

157 1946 317 1989 veritas
345 1946 641 1988 conclusionis
661 1947 798 2004 petite
821 1954 864 1987 et
884 1945 1018 1987 illate.
1048 1946 1121 1988 Sic
1143 1945 1447 1987 ratiocinando
1475 1954 1517 1987 et
1547 1961 1653 1987 con-

158 2015 357 2068 ferendo,
388 2034 475 2059 non
497 2017 661 2059 fallitur
682 2016 1199 2074 intellectusjudicando‚
1225 2017 1287 2059 sic
1309 2017 1420 2058 facta
1437 2017 1651 2059 relatione

159 2089 487 2147 propositorum
510 2097 552 2130 et
578 2089 864 2146 probatorum
886 2104 934 2130 ac
961 2088 1199 2146 petitorum
1222 2088 1267 2130 in
1290 2088 1589 2130 conclusione.

219 2162 376 2203 Fertur
398 2160 517 2218 quod
538 2160 801 2202 sanctissimi
828 2159 997 2202 romani
1025 2159 1274 2217 pontifices,
1304 2175 1393 2201 non
1420 2159 1524 2201 visis
1547 2159 1651 2202 alias

160 2231 458 2290 processibus,
483 2231 682 2290 judicare
716 2248 812 2274 cum
844 2247 1009 2274 summa
1042 2231 1212 2273 ratione
1249 2239 1292 2273 et
1328 2239 1419 2273 arte
1454 2231 1651 2289 philoso-

159 2303 288 2361 phica
311 2319 390 2361 per
410 2319 507 2345 eum
524 2303 599 2361 qui
621 2303 682 2345 sic
703 2303 845 2362 primo
867 2303 1009 2345 facere
1032 2302 1148 2360 cepit
1164 2302 1392 2361 acquisita,
1416 2302 1483 2343 vel
1503 2302 1650 2344 innata

162 2374 251 2416 sive
279 2374 489 2416 divinitus
509 2374 646 2433 gratis
667 2374 782 2426 data,
814 2382 1151 2416 consueverunt.

224 2516 306 2562 98.
344 2517 465 2559 Licet
485 2516 602 2558 enim
618 2516 760 2575 logica
780 2517 924 2560 tradat
942 2525 985 2559 et
1012 2516 1169 2558 doceat
1183 2514 1454 2558 artificialem
1476 2515 1654 2558 modum

164 2602 315 2630 omnes
342 2588 555 2630 sciencias
598 2587 871 2639 addiscendi,
915 2587 1210 2646 intelligendi,
1259 2586 1443 2638 sciendi,
1492 2595 1535 2628 et
1575 2587 1654 2641 do-

165 2658 309 2710 cendi,
342 2667 487 2702 tamen
515 2659 727 2717 possibile
761 2668 842 2709 est,
869 2659 972 2702 licet
1001 2659 1223 2701 rarissime
1251 2658 1503 2717 contigerit,
1536 2658 1655 2716 quod

166 2729 323 2788 aliquis
367 2747 420 2772 ex
461 2747 536 2772 sua
570 2730 758 2772 naturali
795 2730 1114 2789 complexione,
1147 2738 1235 2771 tam
1272 2729 1450 2787 elegans
1496 2729 1656 2771 habeat

163 2800 376 2858 judicium
403 2802 584 2845 rationis
615 2801 842 2853 naturalis,
877 2802 996 2860 quod
1032 2802 1162 2859 hujus
1189 2800 1403 2858 judicium
1439 2808 1575 2842 artem
1613 2809 1655 2842 et
