1942 3242
430 214 487 248 DE
522 213 948 248 RECUI'ERATIONE
981 214 1140 248 TERRE
1174 215 1368 248 SANCTE.
1600 213 1639 246 29

146 306 318 348 modum
340 305 479 348 dilexi
503 321 592 359 vos,
620 308 682 347 sie
709 315 750 347 et
784 321 854 348 vos
875 304 1081 363 faciatis.
1113 304 1182 347 Ad
1209 304 1330 363 quod
1363 321 1408 347 se
1442 303 1639 347 reserens

145 376 384 436 Apostolus
421 377 499 419 ait¹
526 394 534 418 :
583 376 735 419 Omnis
775 376 941 419 Christi
964 379 1078 418 actio
1106 387 1259 419 nostra
1285 377 1408 418 debet
1436 391 1528 418 esse
1555 379 1638 418 ins-

148 451 320 492 tractio.
363 449 520 492 Nonne
539 447 594 490 ad
627 448 711 490 hoc
745 447 986 490 concordat
1018 448 1088 490 lex
1121 448 1261 491 civilis
1284 464 1382 490 cum
1412 448 1498 489 ait:
1542 447 1639 490 Non

149 522 283 581 refert
315 530 458 563 utram
485 520 676 579 populus
712 535 919 561 romanus
955 520 1219 563 voluntatem
1254 536 1382 562 suam
1421 522 1641 578 exprimat

149 592 289 636 verbis
315 592 381 636 vel
397 592 522 634 rebus
542 595 645 650 ipsis
665 601 706 633 et
723 592 859 650 factis
873 590 901 633 ².
936 593 1109 642 Nonne,
1135 599 1182 634 ut
1203 592 1247 634 in
1264 607 1431 633 canone
1458 591 1636 650 legitur,

149 663 309 722 prelati
328 672 512 722 propter
539 679 585 705 se
614 678 766 705 cavere
794 662 960 705 debent
986 678 1040 705 ne
1068 663 1180 705 male
1206 671 1353 722 agant,
1385 671 1427 705 et
1447 679 1501 704 ne
1529 661 1641 704 male

149 750 280 794 agere
306 734 538 777 videantur
565 742 608 776 et
635 733 918 785 infamentur,
948 743 1132 793 propter
1158 751 1260 777 suos
1289 734 1507 782 subditos,
1537 749 1640 792 pro—

148 807 289 850 ximos
310 814 353 848 et
374 807 649 864 conjunctOS,
680 822 735 847 ne
758 814 1000 864 sequantur
1021 806 1269 865 exemplum
1296 807 1481 849 eorum?

209 880 366 923 Nonne
398 878 559 920 scimus
593 877 711 935 quod
739 879 863 935 juxta
898 886 1149 920 sanctorum
1186 880 1363 921 Patrum
1398 878 1641 920 doctrinam

150 950 232 993 hec
253 950 417 992 debent
438 965 533 991 esse
554 950 688 1007 op‘era
708 949 994 1007 prelatorum,
1020 965 1186 992 sacram
1204 951 1478 1008 Scripturam
1494 949 1642 1008 legere

151 1030 194 1064 et
215 1021 390 1072 docere,
414 1037 494 1079 per
515 1021 736 1063 orationes
759 1020 844 1062 sibi
863 1021 1084 1063 commissi
1104 1022 1253 1081 gregis
1274 1030 1451 1080 peccata
1475 1021 1639 1072 delere,

151 1102 194 1136 et
209 1094 255 1136 in
268 1093 428 1152 quibus
450 1093 532 1135 hec
554 1108 642 1134 non
663 1091 901 1143 sufficiunt,
927 1108 1127 1152 arguere,
1152 1094 1399 1152 increpare,
1419 1094 1643 1152 corrigere

152 1173 195 1208 et
221 1165 380 1224 punire
411 1173 592 1222 peccata
618 1164 871 1206 nocentium
894 1180 978 1222 que
1004 1173 1191 1223 possunt
1211 1181 1308 1208 esse
1330 1174 1448 1216 nota,
1474 1165 1644 1208 occulta

151 1236 287 1279 solius
308 1237 392 1279 Dei
409 1235 578 1294 judicio
605 1235 898 1294 relinquendo
922 1236 940 1278 P

210 1309 368 1353 Nonne
387 1307 587 1350 videmus
614 1307 808 1365 prelatos
837 1309 1024 1366 majores
1052 1309 1105 1350 ab
1132 1308 1218 1350 hiis
1231 1309 1440 1367 operibus
1461 1316 1644 1367 propter

152 1380 464 1438 occupationes
484 1378 794 1437 temporalium
821 1379 1082 1438 plerumque
1110 1381 1318 1423 cessare?
1344 1382 1501 1423 Nonne
1528 1380 1643 1422 vide-

154 1467 248 1494 mus
272 1451 423 1510 quales
450 1451 536 1509 ipsi
563 1450 660 1493 loco
691 1451 774 1493 Dei
801 1451 846 1492 in
879 1451 963 1493 hoc
993 1451 1144 1509 positi,
1180 1460 1223 1494 et
1257 1452 1313 1494 ob
1348 1468 1455 1511 quas
1493 1468 1644 1495 causas

152 1523 274 1574 moti,
300 1523 382 1565 sub
404 1538 450 1565 se
471 1521 666 1564 medicos
687 1522 858 1582 eligunt
885 1523 1126 1565 animarum
1145 1524 1162 1566 Ρ
1184 1523 1367 1578 Qualem
1395 1532 1644 1583 respectum

151 1594 318 1637 habent
335 1595 353 1636 Ρ
373 1595 530 1637 Nonne
552 1593 781 1652 preferunt
802 1593 1058 1636 affectiones
1086 1595 1330 1654 sanguinis,
1360 1596 1518 1654 patrie,
1558 1612 1644 1638 ser-

151 1666 253 1708 vicii
273 1665 544 1724 temporalis,
569 1665 828 1723 prudencie,
859 1666 1098 1724 sapiencie,
1128 1675 1170 1708 et
1198 1667 1477 1725 experiencie
1505 1668 1644 1710 medi-

153 1752 303 1780 corum
326 1753 435 1795 quos
460 1737 630 1796 eligunt
650 1737 746 1779 loco
769 1737 865 1780 sui?
889 1740 1034 1792 Quare
1050 1754 1139 1780 non
1156 1739 1438 1782 considerant
1457 1739 1644 1798 qualiter

153 1809 238 1867 ipsi
267 1817 600 1851 remunerarent
621 1808 810 1867 aliquem
834 1809 924 1867 qui,
949 1809 1056 1867 ipsis
1083 1810 1274 1869 graviter
1306 1810 1536 1852 infirmatis
1563 1827 1644 1853 nec

152 1880 407 1938 petentibus
425 1880 589 1922 habere
611 1880 696 1922 nisi
716 1880 857 1922 solum
879 1880 1112 1931 medicum,
1138 1882 1222 1923 sibi
1241 1881 1294 1923 de
1315 1882 1412 1940 ipso
1432 1883 1562 1924 unico
1584 1890 1643 1924 ta-

153 1951 254 1993 liter
275 1951 544 2010 provideret,
570 1959 612 1993 et
632 1967 712 2010 pro
733 1951 883 1994 labore
905 1953 1168 2010 provisionis
1190 1953 1244 1995 ab
1262 1953 1371 2012 ipsis
1390 1962 1509 1996 tanta
1531 1954 1643 1996 reci-

154 2031 279 2081 peret
307 2022 542 2081 stipendia,
581 2031 743 2080 quanta
772 2023 858 2081 ipsi
890 2024 1110 2082 recipiunt
1132 2040 1155 2066 a
1190 2025 1367 2067 Christo
1396 2026 1472 2084 qui
1499 2026 1643 2068 omnia

152 2093 291 2135 videt!
313 2094 361 2136 Si
376 2109 452 2135 rex
468 2093 536 2136 vel
557 2094 795 2152 imperator
811 2095 1122 2138 commissurus
1137 2096 1302 2138 bellum
1323 2113 1544 2156 magnum,
1563 2098 1644 2139 sub

154 2165 352 2223 periculo
370 2165 618 2207 amissionis
631 2166 758 2225 regni
769 2166 840 2210 vel
857 2167 1031 2225 imperii
1047 2168 1083 2210 si
1097 2168 1322 2210 victoriam
1338 2185 1427 2211 non
1442 2169 1641 2219 haberet,

154 2252 234 2279 nec
256 2245 405 2295 posset
426 2237 695 2279 constituere
711 2238 795 2279 nisi
807 2238 985 2280 unicum
1001 2239 1157 2281 ducem
1173 2240 1240 2282 sui
1256 2239 1376 2291 belli,
1397 2242 1519 2298 cujus
1536 2240 1644 2282 elec·

153 2308 318 2350 tionem
353 2308 644 2350 committeret
671 2309 736 2351 illi
763 2308 816 2351 de
844 2310 934 2352 suis
968 2311 1038 2352 cui
1068 2311 1193 2369 plura
1228 2312 1341 2353 bona
1374 2312 1564 2362 fecisset,
1598 2320 1645 2354 ut

154 2380 230 2422 uni
263 2395 475 2438 ponamus
507 2380 804 2438 pauperrimo,
841 2382 885 2423 in
919 2382 1300 2442 archiepiscopum
1334 2383 1645 2426 Coloniensem

204 2577 237 2611 1.
267 2575 319 2610 Ce
338 2577 526 2622 precepte,
550 2575 713 2611 attribue
735 2577 755 2611 ὲ
777 2577 948 2623 l'apotre,
973 2583 1031 2612 est
1053 2578 1175 2624 plutot
1196 2591 1244 2613 un
1267 2579 1415 2615 resume
1432 2582 1477 2615 de
1492 2593 1532 2615 sa
1554 2580 1644 2615 doc-

156 2624 267 2659 trine.
291 2624 349 2659 Cf.
372 2624 454 2658 Act.
478 2624 506 2664 Ι,
532 2626 564 2658 1.
589 2625 690 2671 Cepit
709 2625 816 2658 Iesus
843 2637 949 2671 agere
970 2631 1003 2660 et
1024 2626 1166 2661 docere.

205 2673 239 2706 2.
269 2671 436 2717 Digeste.
461 2673 492 2711 1,
510 2672 543 2711 3,
564 2673 615 2705 De
636 2671 792 2717 legibus,
811 2672 857 2706 fr.
874 2674 931 2714 32,
949 2675 981 2714 1,
1002 2674 1188 2714 Julianus,
1213 2674 1276 2709 lib.
1297 2676 1341 2710 84
1363 2675 1642 2721 digestorum...

158 2732 177 2752 α
198 2731 284 2753 nam
315 2719 405 2766 quid
436 2720 595 2753 interest
626 2719 806 2765 suffragio
829 2720 993 2766 populus
1023 2722 1252 2756 voluntatem
1281 2735 1385 2757 suam
1414 2723 1578 2758 declaret
1598 2736 1644 2757 au

158 2765 274 2800 rebus
295 2767 392 2812 ipsis
411 2772 446 2801 et
468 2764 605 2802 factis?
626 2779 644 2799 »
677 2766 750 2801 Les
784 2767 959 2802 citations
992 2769 1101 2803 faites
1132 2770 1182 2803 du
1214 2770 1370 2816 Digeste
1400 2783 1468 2816 par
1498 2770 1645 2805 Dubois

161 2819 246 2848 sont
269 2820 455 2848 rarement
478 2814 690 2848 conformes
712 2815 731 2848 a
754 2815 787 2848 la
810 2815 918 2850 lettre
938 2817 1004 2850 des
1024 2816 1202 2853 e'ditions.
1220 2818 1249 2851 11
1266 2818 1369 2852 citait
1384 2819 1428 2852 de
1451 2819 1642 2853 me'moire.

1715 2107 1854 2144 Apologus
1859 2126 1865 2134 .
