1942 3242
325 226 365 258 22
871 227 1055 259 PIERRE
1085 228 1277 260 DUBOIS,

326 315 757 374 impedimentorum,
794 324 842 358 ut
880 316 1059 359 accedat
1097 317 1216 375 quod
1251 317 1311 359 ait
1338 317 1664 376 Philosophus:
1711 319 1817 375 Qui·
1849 336 1852 338 ·

327 403 494 446 cunque
509 390 691 430 sustinet
705 391 958 446 positionem
977 389 1184 442 Eracltti,
1206 389 1330 431 debet
1343 390 1577 433 concedere
1597 399 1637 431 et
1655 405 1819 447 negare

326 462 473 501 omnia
499 475 579 518 que
609 460 861 501 concederet
892 469 932 501 et
963 469 1145 518 negaret
1172 461 1396 502 Eraclitus
1424 464 1464 502 si
1479 477 1663 518 presens
1690 470 1813 510 esset,

326 531 410 571 hoc
437 538 502 571 est
529 530 674 572 omnia
696 530 1002 572 antecedentia
1029 539 1072 572 et
1099 531 1416 589 consequentia
1437 531 1490 573 ad
1517 532 1783 590 positionem
1805 549 1814 583 3

327 601 522 659 alioquin
550 601 797 644 concedens
819 602 886 643 vel
914 618 1081 661 negans
1103 602 1271 660 aliquid
1298 619 1552 662 repugnans
1577 603 1718 662 prime
1744 619 1818 662 po·

327 673 492 723 sitioni,
524 672 578 715 ad
599 673 900 731 turpissimam
927 673 1113 716 ducetur
1134 673 1508 733 redargutionem.

61 826 98 852 ne
119 824 168 866 Peg
188 824 223 852 rit
247 833 308 861 pro·
388 819 479 868 [xv]
532 814 616 859 29.
671 815 718 857 Si
771 831 877 874 ergo
914 831 1107 857 summus
1154 817 1439 874 apostolicus,
1493 817 1642 858 mondi
1685 817 1820 859 totius

95 869 163 960 {ilii
182 865 309 933 (ἷὲιιᾞῖἶ
330 886 571 944 speculum,
603 886 719 928 beati
754 886 874 928 Petri
906 886 1121 945 principis
1156 887 1454 946 apostolorum
1489 888 1632 930 locum
1663 897 1821 930 tenens

152 952 158 959 ’
331 965 373 999 et
401 956 565 1007 sedem,
590 957 777 999 vicarius
799 958 977 1000 Domini
999 958 1139 1000 nostri
1161 959 1294 1001 Jhesu
1317 959 1498 1010 Christi,
1531 959 1758 1002 salvatoris
1779 967 1822 1001 et

330 1028 467 1086 patris
489 1029 682 1070 omnium
703 1029 960 1079 animarum,
986 1038 1034 1071 ut
1061 1046 1212 1071 omnes
1241 1031 1404 1072 animas
1439 1031 1588 1081 salvet,
1619 1031 1822 1089 patrique

333 1115 411 1141 suo
433 1108 576 1141 servet
596 1108 639 1141 et
656 1100 827 1150 reddat,
852 1117 1003 1142 omnes
1025 1117 1223 1160 guerras,
1249 1102 1489 1144 seditiones
1510 1111 1553 1144 et
1575 1111 1822 1144 controver-

334 1172 418 1213 sias
441 1171 586 1212 nitens
610 1171 653 1212 in
677 1171 862 1230 singulis
891 1172 1094 1222 evellere,
1125 1181 1168 1214 et
1196 1173 1314 1231 quod
1342 1174 1404 1215 sic
1432 1173 1505 1215 fiat
1533 1174 1708 1224 docere,
1739 1174 1823 1215 hoc

336 1243 379 1284 in
410 1259 455 1284 se
492 1251 534 1284 et
575 1242 782 1284 fratribus
824 1244 912 1285 suis
956 1244 1253 1286 cardinalibus
1290 1253 1333 1286 et
1372 1245 1647 1303 coepiscopis
1682 1245 1825 1303 primo

336 1313 468 1355 debet
503 1313 721 1355 facerent
759 1314 938 1356 accedat
976 1314 1094 1372 quod
1134 1316 1347 1373 scriptum
1387 1315 1503 1357 est¹:
1550 1317 1672 1375 Cepit
1701 1318 1828 1358 Jesus

331 1386 481 1444 facere
531 1396 570 1426 et
622 1386 799 1437 docere‚·
851 1394 893 1427 et
938 1386 1223 1444 Apostolus2:
1281 1387 1520 1446 Operemur
1567 1389 1718 1430 bonum
1771 1388 1831 1430 ad

337 1472 496 1508 omncs,
529 1460 732 1515 quatinus
759 1461 802 1499 in
829 1458 952 1499 nobis
979 1468 1054 1510 est,
1094 1462 1283 1500 maxime
1311 1469 1457 1500 autem
1492 1460 1553 1500 ad
1577 1460 1830 1501 domesticos

336 1528 455 1584 fidei.
483 1527 776 1570 Considerare
798 1544 904 1588 ergo
930 1529 1062 1571 debet
1083 1529 1271 1587 qualiter
1294 1546 1338 1571 se
1373 1530 1537 1572 habent
1570 1538 1613 1572 et
1641 1530 1829 1572 militant

338 1599 604 1657 patriarche,
635 1600 861 1657 primates,
887 1601 1226 1659 archiepiscopi,
1252 1602 1467 1659 episcopi,
1491 1610 1534 1643 et
1558 1601 1630 1643 alii
1651 1601 1826 1659 prelati,

340 1670 540 1720 ducatus,
572 1671 820 1722 comitatus,
845 1672 1067 1726 baronias,
1098 1680 1141 1714 et
1168 1672 1249 1714 alia
1272 1673 1530 1730 temporalia
1553 1673 1827 1730 optinentes;

341 1741 529 1800 qualiter
557 1742 642 1800 ipsi
663 1758 845 1801 guerras
874 1751 1064 1793 movent,
1098 1744 1140 1785 in
1169 1744 1330 1801 quibus
1358 1744 1480 1785 multi
1509 1743 1827 1802 temporaliter,

341 1821 387 1855 ut
413 1813 626 1864 videmus,
652 1822 694 1855 et
716 1814 1019 1872 spiritualiter,
1045 1823 1092 1856 ut
1112 1815 1317 1856 estimant
1338 1815 1553 1864 homines,
1578 1815 1832 1873 frequenter

343 1884 614 1936 moriuntur3
646 1876 834 1943 qualiter
857 1885 1015 1943 prelati
1042 1886 1258 1928 bellantes
1286 1886 1525 1944 perfectius
1554 1895 1596 1928 et
1622 1886 1831 1928 attentius

342 1964 495 1997 vacant
523 1964 565 1997 et
591 1956 775 2014 vigilant
801 1957 930 1998 bellis
959 1973 1087 2015 quam
1117 1957 1358 1999 animarum
1387 1958 1542 2010 saluti3
1572 1958 1761 2016 qualiter
1790 1957 1833 1999 in

343 2027 427 2068 hoc
460 2027 558 2084 plus
589 2027 791 2069 laborant
821 2036 863 2069 et
894 2028 1169 2086 impendunt,
1204 2019 1303 2070 non.
1327 2029 1604 2071 advertentes
1632 2029 1761 2071 etiam
1789 2029 1833 2070 in

344 2097 441 2156 lege
473 2098 589 2139 civili
617 2099 827 2156 scriptum
862 2115 957 2141 esse
983 2099 1102 2157 quod
1130 2100 1271 2142 anime
1298 2101 1487 2142 humane
1521 2109 1623 2142 sunt
1651 2100 1834 2159 quibus-

345 2184 518 2226 cunque
547 2169 677 2210 rebus
706 2169 983 2227 preferende.
1016 2172 1064 2212 In
1087 2172 1343 2230 regionibus
1374 2173 1416 2213 in
1451 2173 1611 2230 quibus
1638 2188 1723 2213 non
1751 2188 1833 2230 pu-

344 2248 481 2297 gnant
503 2240 547 2281 hi
569 2240 742 2298 prelati,
777 2250 821 2282 ut
841 2241 885 2282 in
909 2242 1058 2300 regnis
1081 2241 1240 2300 Anglie
1262 2250 1305 2283 et
1331 2243 1530 2293 Francie,
1554 2243 1699 2285 videat
1725 2259 1832 2300 qua-

345 2310 445 2352 liter
495 2312 807 2354 controversiis
857 2328 1004 2354 rerum
1052 2314 1359 2371 temporalium
1410 2322 1591 2366 vacant3
1627 2314 1830 2372 qualiter,

345 2381 517 2423 deserta
541 2399 643 2424 cura
665 2383 922 2433 animarum,
953 2400 1033 2442 pro
1055 2384 1227 2426 modico
1249 2385 1534 2442 parlamenta,
1561 2385 1766 2434 scacaria,
1791 2392 1834 2426 et

345 2452 426 2494 alia
454 2453 703 2512 principum
732 2454 946 2496 auditoria
970 2455 1250 2513 frequentant
1273 2474 1281 2506 3
1307 2456 1496 2513 qualiter
1517 2456 1694 2498 student
1715 2463 1757 2496 et
1778 2455 1833 2496 la-

345 2523 518 2574 borant,
544 2525 826 2566 ecclesiarum
856 2526 970 2567 bona
998 2542 1082 2583 que
1111 2535 1211 2568 sunt
1238 2543 1479 2584 pauperum
1508 2527 1639 2569 Jhesu
1669 2526 1835 2569 Christi

345 2604 604 2637 consument
626 2596 669 2638 in
691 2596 776 2638 hiis
793 2596 961 2647 litibus,
992 2597 1190 2654 patronis
1219 2606 1262 2640 ct
1289 2598 1501 2640 ministris
1523 2614 1671 2640 earum
1693 2615 1702 2649 3
1727 2613 1835 2656 qua-

392 2774 424 2805 1.
450 2770 575 2811 Actes,
602 2772 629 2812 Ι,
655 2774 688 2806 1.

390 2820 422 2853 2.
453 2819 535 2855 Gal.
558 2819 622 2859 VI,
648 2821 704 2854 10.
