1942 3242
88 1103 241 1137 Avnutages
284 1112 335 1140 quc

121 1137 211 1165 divers
224 1148 335 1175 person-

121 1183 204 1209 nuges
223 1181 333 1202 trouve-

120 1215 180 1237 ront
204 1213 219 1236 ἡ
244 1211 334 1238 suivre

121 1245 159 1271 les
172 1247 285 1274 consciis
300 1247 333 1274 dc

121 1281 253 1309 l'nuteur:

82 1748 105 1774 le
132 1751 201 1784 Pape
234 1755 261 1776 et
290 1749 328 1776 les

118 1786 257 1821 anqais3

364 217 404 248 98
911 222 1094 254 PIERRE
1123 222 1314 255 DUBOIS.

364 308 547 366 Deoque
568 308 719 351 fideles
742 310 1048 352 predicatores
1067 319 1140 353 aut
1160 311 1373 362 Minores,
1391 320 1453 362 ut,
1476 311 1684 354 detractis
1706 313 1741 354 si
1764 328 1850 371 que

363 379 617 422 viderentur
671 381 958 432 detrahenda,
989 390 1032 424 et
1065 382 1362 441 superadditis
1396 383 1748 441 expedientibus,
1781 399 1853 425 se-

364 451 556 493 cundum
591 453 912 511 experienciam
952 461 998 495 et·
1030 453 1317 512 prudenciam
1354 454 1475 514 regie
1517 455 1758 512 majestatis
1804 470 1853 497 ac

363 523 628 581 sapienciam
657 524 959 566 consultorum
994 525 1154 583 quibus
1182 526 1566 576 examinationem,
1614 525 1852 568 correctio-

362 611 461 637 nem
489 604 531 637 et
563 596 933 646 emendationem,
966 596 1136 639 favente
1169 597 1375 648 Domino,
1407 597 1645 639 salubriter
1678 597 1852 640 duxerit

361 667 744 729 committendum,
774 684 854 726 per
892 667 1061 719 fideles,
1095 668 1337 727 prudentes
1364 677 1407 711 et
1428 677 1632 727 expertos
1659 677 1851 711 secreta-

361 739 448 781 rios
471 739 672 790 nuncios,
702 739 880 782 domino
901 755 1030 798 pape,
1062 748 1261 782 cessante
1303 740 1588 799 dispendiosa
1610 756 1748 790 mora,
1772 756 1850 782 ne-

358 811 533 870 gocium
561 819 604 853 et
634 811 866 853 consilium
897 811 1071 853 salubre
1104 812 1372 854 transmittat
1412 820 1595 870 propter
1614 811 1849 854 concilium

357 882 503 924 taliter
542 882 888 933 convocandum,
932 882 1051 941 quod
1096 883 1150 925 de
1189 883 1416 942 premissis
1455 884 1596 941 possit
1627 882 1848 925 sufficiens

357 962 568 996 tractatus
589 955 759 997 haberi.

415 1101 532 1151 [Lxx]
582 1097 697 1143 111.
730 1098 933 1140 Occurrit
952 1097 1163 1139 scribenti
1185 1097 1382 1139 naturale
1405 1096 1691 1147 desiderium,
1715 1105 1846 1155 prout

355 1168 477 1211 dedit
498 1170 732 1220 Dominus,
756 1169 921 1211 utendo
952 1169 1150 1219 solercia,
1177 1185 1261 1226 que
1289 1177 1355 1210 est
1376 1167 1619 1210 secundum
1643 1168 1845 1210 Philoso-

353 1241 489 1298 phum
530 1241 750 1283 subtilitas
787 1240 1042 1282 inveniendi
1075 1240 1286 1290 medium,
1326 1239 1371 1282 id
1411 1248 1477 1281 est
1512 1255 1662 1281 causas
1697 1255 1843 1281 rerum
1882 1284 1886 1288 ,

354 1328 460 1370 quas
487 1312 701 1369 videmus,
734 1313 777 1354 in
799 1328 886 1354 non
907 1320 1139 1370 perspecto
1165 1320 1382 1369 tempore,
1406 1310 1611 1353 videlicet
1637 1326 1843 1369 expresse

351 1384 574 1443 tangendo
603 1384 937 1426 commoditates
964 1383 1231 1441 temporales
1263 1399 1346 1441 que
1378 1398 1430 1424 ex
1459 1382 1684 1440 premissis
1718 1383 1843 1440 sequi

352 1455 566 1498 deberent
591 1464 634 1498 et
660 1456 891 1514 pervenire
919 1455 973 1497 ad
1001 1471 1152 1497 eorum
1180 1453 1448 1512 principales
1483 1462 1669 1503 actores,
1693 1453 1842 1495 videli-

352 1535 420 1568 cet
448 1527 650 1569 dominos
673 1543 847 1586 papam,
880 1543 1028 1586 regem
1050 1527 1338 1576 Francorum,
1369 1527 1462 1583 ejus
1490 1525 1645 1567 fratres
1667 1535 1710 1566 et
1731 1524 1842 1566 libe.-

351 1614 438 1649 ros,
470 1615 596 1658 reges
626 1598 788 1659 Sycilie
810 1607 852 1640 et
871 1597 1145 1648 Alemannie,
1176 1596 1457 1639 Fernandum
1480 1595 1533 1638 de
1556 1596 1775 1654 Hyspania
1799 1604 1841 1637 et

350 1672 443 1728 ejus
465 1669 976 1714 fratrem—Verisimile
1003 1669 1243 1727 plurimum
1266 1676 1331 1710 est
1350 1667 1470 1726 quod
1488 1667 1692 1709 dominus
1708 1683 1836 1725 papa,

348 1742 520 1801 guerris
557 1742 718 1784 sedatis
758 1741 1000 1784 secundum
1031 1740 1186 1782 modos
1222 1739 1509 1798 prescriptos,
1541 1747 1583 1780 et
1623 1738 1839 1797 regimine

349 1830 527 1856 suorum
547 1813 875 1871 temporalium,
906 1812 1185 1870 possessione
1214 1820 1256 1853 et
1287 1810 1580 1860 districtione,
1611 1825 1692 1867 pro
1720 1817 1838 1851 certa

347 1901 489 1927 annua
516 1885 729 1944 pensione
756 1893 972 1943 perpetuo
999 1883 1179 1926 domino
1207 1882 1302 1941 regi
1334 1884 1603 1925 Francorum
1631 1880 1837 1923 commis-

347 1957 422 2006 sis,
455 1973 534 2015 per
561 1957 716 1999 fratres
738 1973 839 1998 suos
867 1968 909 1998 et
931 1955 1060 2014 filios,
1089 1962 1221 2013 prout
1246 1953 1454 2011 expedire
1472 1952 1648 2003 viderit,
1678 1952 1837 2011 guber-

346 2028 539 2079 nandis¹‚
570 2028 749 2087 poterit,
783 2027 1056 2069 cessantibus
1081 2028 1377 2089 Romanorum
1415 2032 1458 2066 et
1485 2023 1835 2066 Lombardorum

393 2252 425 2285 1.
457 2250 514 2284 Cf.
538 2250 732 2284 ci-dessus
759 2250 776 2294 ἓ
802 2249 858 2288 40,
890 2261 925 2294 p.
957 2250 1014 2284 33.
1044 2246 1151 2281 Cette
1178 2246 1261 2280 ide'e
1290 2246 1334 2279 de
1364 2250 1604 2291 transporter
1633 2257 1679 2278 au
1704 2243 1762 2278 roi
1790 2244 1834 2278 de

345 2298 488 2332 France
527 2298 560 2332 le
590 2297 815 2343 patrimoine
846 2297 891 2330 de
925 2296 1023 2330 saint
1058 2295 1187 2328 Pierre
1218 2293 1346 2327 n'etait
1375 2306 1442 2339 pas
1473 2293 1672 2326 nouvelle:
1713 2304 1760 2325 on
1800 2292 1834 2325 la

345 2352 476 2380 trouve
508 2346 590 2391 deja
624 2346 718 2379 dans
748 2356 818 2378 une
854 2344 962 2377 lettre
993 2342 1156 2376 relatant
1185 2341 1389 2375 l‘entrcvue
1422 2340 1755 2374 d’ambassadeurs
1789 2339 1834 2372 de

346 2394 519 2439 Philippe
535 2393 567 2426 le
590 2393 709 2426 Hardi
728 2404 814 2426 avec
836 2392 869 2425 le
894 2403 988 2437 pape
1011 2389 1196 2435 Gregoire
1221 2389 1264 2426 X.
1286 2401 1331 2422 eu
1349 2388 1431 2433 juin
1450 2390 1565 2423 1273:
1597 2401 1614 2420 «
1647 2386 1833 2432 L’esglise

345 2442 389 2474 de
406 2447 626 2475 outremons
643 2445 746 2473 mout
762 2452 801 2473 se
824 2439 994 2472 deveroit
1024 2438 1152 2482 esjoir‚
1178 2448 1217 2470 se
1239 2436 1311 2469 elle
1334 2436 1448 2470 estoit
1470 2435 1657 2481 governee
1680 2438 1796 2480 quant
1813 2446 1832 2466 a

346 2501 385 2522 sa
407 2488 644 2534 temporalite
666 2500 733 2533 par
753 2488 799 2520 tel
823 2486 963 2532 priuce,
988 2491 1024 2519 et
1051 2485 1191 2518 delivre
1221 2484 1339 2517 seroit
1360 2490 1396 2516 et
1416 2495 1528 2517 aseur
1550 2483 1594 2515 de
1617 2480 1831 2515 turbations

344 2542 380 2569 et
395 2536 665 2570 des‘aversites
678 2535 775 2581 qu'el
791 2547 810 2568 a
831 2535 961 2567 soffert
976 2533 1221 2578 longuement
1237 2544 1283 2564 au
1300 2536 1383 2565 teus
1400 2531 1466 2564 des
1483 2536 1610 2564 autres
1625 2528 1776 2574 princes
1790 2541 1828 2567 »;

344 2583 377 2617 le
394 2596 489 2629 pape
514 2584 659 2629 repond
681 2594 771 2628 que:
798 2595 816 2614 «
840 2587 954 2628 quant
976 2581 1090 2614 estoit
1111 2581 1156 2613 de
1180 2592 1217 2612 sa
1240 2579 1401 2619 volente,
1426 2578 1451 2612 il
1469 2576 1621 2611 vouroit
1638 2582 1741 2609 mout
1759 2587 1830 2621 que

343 2631 376 2664 la
399 2632 513 2665 chose
531 2643 569 2664 se
587 2630 651 2664 seit
670 2643 703 2663 ».
721 2630 854 2675 (Arch.
878 2634 969 2673 nat.‚
986 2627 1018 2661 J.
1045 2629 1124 2667 318,
1144 2633 1184 2660 11⁰
1201 2627 1263 2661 79:
1290 2627 1333 2660 cf.
1355 2625 1453 2659 Coll.
1471 2626 1538 2659 des
1558 2625 1650 2658 Doc.
1675 2623 1828 2662 inediis,

342 2678 532 2724 Me'langes
554 2678 792 2725 historiques,
817 2679 868 2710 1Ν
889 2676 1000 2716 serie,
1032 2676 1060 2714 Ι,
1092 2688 1127 2721 p.
1158 2674 1255 2719 652).
1288 2673 1346 2707 Cf.
1377 2675 1428 2706 De
1456 2671 1591 2711 abram,
1622 2671 1686 2704 fol.
1718 2672 1736 2705 7
1768 2678 1827 2703 τοι

344 2740 362 2759 ((
391 2726 534 2760 Poterit
555 2737 759 2771 procurare
779 2724 825 2758 ab
847 2723 1005 2758 ecclesia
1027 2735 1180 2756 romana
1197 2721 1298 2768 quod
1318 2722 1362 2754 de
1384 2726 1508 2754 cetero
1532 2719 1745 2765 quicunque
1766 2729 1831 2751 rex

343 2774 574 2808 Francorum
602 2773 651 2806 sit
672 2777 824 2806 senator
845 2771 951 2805 urbis
980 2771 1096 2804 Rome
1122 2781 1188 2815 per
1213 2769 1326 2802 alium
1348 2768 1417 2801 hoc
1439 2778 1632 2809 exercens,
1665 2772 1701 2799 et
1729 2765 1829 2812 quod

343 2821 388 2854 ab
419 2821 578 2855 ecclesia
608 2833 762 2854 romana
792 2825 917 2853 teneat
947 2824 1065 2852 totum
1098 2816 1364 2863 patrimonium
1392 2814 1549 2849 ecclesie
1580 2825 1748 2853 romane,
1778 2812 1827 2846 ita
