1942 3242
426 210 486 245 DE
514 208 936 244 RECUPERATIONE
965 209 1128 244 TERRE
1159 210 1356 244 SANCTE.
1594 210 1632 245 67

143 310 187 345 et
211 310 385 361 tempus
407 301 703 352 abrevientur,
733 309 782 344 ut
802 301 934 359 periti
955 301 1244 344 scienciarum
1265 301 1322 344 ita
1351 301 1439 343 cito
1459 302 1635 345 veniant

142 373 197 416 ad
223 373 545 432 experienciam
567 372 686 431 quod
712 372 852 431 ipsam
879 372 1012 431 longo
1039 380 1238 430 tempore
1273 373 1444 431 possint
1477 373 1634 432 adqui-

142 460 240 487 rere
262 453 304 487 et
325 445 404 495 uti,
429 453 663 503 antequam
683 443 904 502 desipiant
923 460 1004 502 per
1019 444 1189 486 senium
1205 460 1471 503 organorum
1493 445 1634 487 anime

143 516 370 559 rationalis
391 524 433 558 et
466 517 558 574 ejus
588 515 768 573 judiciis
803 515 1161 566 deservientium,
1190 517 1313 573 juxta
1349 516 1394 558 id
1428 517 1547 575 quod
1577 517 1636 559 ait

144 587 466 646 Philosophus:
509 587 696 645 Organa
737 603 940 629 sensuum
972 597 1215 641 senescunt,
1243 604 1329 629 non
1363 591 1555 643 virtutes,
1594 597 1636 631 et

144 658 272 700 simul
295 674 392 700 cum
419 657 708 717 intelligimus
730 673 911 699 necesse
946 665 1011 700 est
1038 657 1297 700 fantasmata
1320 659 1554 716 speculari.
1582 660 1636 701 Et

144 729 248 772 licet
274 729 525 772 intellectus
553 745 639 771 non
670 729 725 771 sit
745 729 883 770 virtus
906 729 1128 788 organica,
1153 738 1298 771 tamen
1321 730 1497 789 organis
1525 730 1635 773 indi·

144 809 246 860 get3
277 817 361 859 que
387 816 550 860 organa
577 808 759 859 propter
787 800 1095 842 humiditatem
1123 809 1165 842 et
1193 800 1479 860 frigiditatem
1507 802 1636 844 citius

146 880 382 915 senescunt
421 881 464 914 et
485 871 773 914 debilitantur
794 872 838 914 in
873 872 1004 914 terris
1036 871 1209 932 frigidis
1237 889 1365 931 quam
1394 874 1438 916 in
1462 874 1632 917 calidis.

145 943 315 986 Idcirco
347 943 563 1002 decrepiti
596 943 835 985 calidarum
868 943 1098 1003 regionum
1126 944 1438 1002 prudentiores
1466 954 1567 988 sunt
1594 954 1636 988 et

144 1015 340 1058 melioris
360 1015 569 1058 memorie
585 1031 633 1057 ac
650 1015 984 1057 reminiscencie
1003 1031 1132 1074 quam
1149 1015 1364 1074 decrepiti
1377 1016 1636 1076 frigidarum

146 1087 398 1146 regionum3
440 1087 556 1129 inter
595 1103 702 1145 quas
740 1087 945 1146 regiones
984 1095 1227 1146 temperate
1262 1088 1400 1147 magis
1432 1088 1636 1147 eligende

143 1167 259 1209 sunt,
285 1158 492 1217 quoniam
519 1158 784 1200 excellencie
812 1158 1088 1201 sensibilium
1116 1168 1405 1218 corrumpunt
1438 1159 1631 1203 sensus¹.

202 1302 287 1348 81.
323 1304 511 1361 Propter
533 1302 672 1345 dictas
701 1318 869 1353 causaS,
903 1302 1082 1361 expedit
1109 1303 1228 1361 quod
1251 1305 1434 1362 juvenes
1461 1304 1520 1346 ita
1549 1304 1635 1347 cito

142 1374 376 1432 proficiant
394 1374 438 1416 in
455 1374 660 1416 scienciis
677 1374 795 1432 quod
808 1374 863 1416 ad
878 1374 1201 1432 experienciam
1220 1375 1447 1434 agibilium
1460 1376 1636 1419 veniant

142 1446 328 1495 robusti,
372 1445 536 1504 diuque
570 1446 903 1504 presumptione
942 1446 1055 1503 juris
1085 1454 1127 1488 et
1160 1455 1315 1489 nature
1353 1447 1539 1500 victuri3
1568 1456 1631 1500 ut,

141 1517 375 1575 adquisitis
390 1517 532 1576 primo
554 1517 772 1567 scienciis,
807 1525 850 1559 et
876 1517 1156 1575 postmodum
1185 1518 1246 1560 eis
1269 1519 1635 1562 convenientibus

141 1588 448 1647 experienciis,
472 1588 656 1631 aliorum
687 1589 850 1631 animas
878 1597 920 1630 et
952 1605 1137 1647 corpora
1164 1590 1336 1647 possint
1358 1590 1433 1632 diu
1460 1607 1632 1650 regere,

139 1660 286 1703 taliter
306 1660 359 1702 ad
386 1661 467 1702 hec
490 1660 708 1719 dispositi.
734 1662 858 1711 Nam,
883 1668 930 1703 ut
952 1661 1164 1719 scriptum
1192 1668 1273 1712 est,
1302 1662 1439 1706 Nemo
1462 1674 1637 1721 repente

140 1735 196 1774 sit
219 1748 430 1774 summus.

201 1874 284 1921 82.
321 1875 418 1918 Non
446 1874 652 1917 studeant
685 1891 791 1935 ergo
823 1876 1018 1934 protervi
1043 1883 1266 1919 tantorum
1300 1877 1517 1920 bonorum
1550 1877 1635 1920 ini-

140 1946 251 1988 tium
286 1946 542 2004 reprobare,
579 1947 710 1988 immo
738 1963 818 2005 per
844 1947 927 1989 Dei
953 1948 1160 2006 graciam,
1187 1948 1493 2007 imperfectum
1524 1966 1634 2008 opus

142 2017 377 2059 salubriter
398 2017 627 2075 perficere,
643 2018 902 2070 emendare3
925 2019 1008 2069 vel,
1034 2019 1187 2061 eodem
1204 2020 1414 2070 obmisso,
1439 2020 1634 2062 totaliter

140 2088 445 2146 expedientius
473 2097 515 2130 et
542 2089 816 2147 probabilius
838 2090 1051 2140 invenire,
1071 2099 1203 2148 prout
1230 2092 1426 2150 subjecta
1453 2093 1632 2134 materia

140 2159 231 2218 pati
263 2159 441 2217 poterit,
478 2160 697 2202 rhetorice
737 2161 979 2212 suadendo,
1010 2170 1057 2204 ut
1093 2163 1152 2204 ait
1181 2163 1495 2221 Philosophus,
1535 2179 1631 2206 cum

141 2230 235 2288 ipse
273 2230 559 2273 artificialiter
606 2232 926 2290 sophisticandi
965 2241 1007 2275 et
1059 2234 1324 2292 sophisticos
1365 2234 1631 2293 sillogismos

141 2301 410 2344 dissolvendi
430 2302 646 2362 principia
673 2303 939 2346 invenisset:
971 2304 1159 2362 Difficile
1186 2315 1249 2347 est
1267 2309 1492 2363 principia
1520 2310 1629 2350 inve-

140 2377 249 2426 nire,
280 2374 371 2426 sed,
400 2376 505 2431 ipsis
531 2377 726 2428 inventis,
744 2374 884 2430 facile
906 2385 970 2417 esc
989 2377 1154 2418 addere
1167 2392 1183 2429 ;
1204 2376 1274 2418 cui
1302 2378 1630 2420 communicans

142 2445 387 2504 Legislator
415 2445 498 2486 ait:
532 2446 619 2502 Qui
642 2446 697 2487 ab
733 2447 835 2489 aliis
862 2450 1035 2490 inventa
1062 2447 1279 2490 subtiliter
1304 2450 1521 2502 emendat,
1546 2466 1631 2491 non

143 2519 286 2558 minus
307 2516 546 2558 laudabilis
574 2526 637 2559 est
657 2533 704 2559 eo
732 2521 993 2576 quiprl‘mus
1014 2522 1186 2562 invenit.

193 2719 226 2751 1.
255 2716 402 2751 Dubois
425 2717 569 2763 croyait
591 2717 811 2752 fermement
838 2719 858 2752 a
886 2718 1098 2754 l⁷influeuce
1123 2720 1286 2755 decisive
1314 2721 1381 2755 des
1415 2721 1580 2755 milieux.
1604 2722 1633 2755 11

146 2763 232 2798 n'en
260 2765 365 2810 parle
393 2764 439 2798 ici
471 2765 579 2810 qu'en
611 2771 780 2811 passant,
815 2766 908 2801 mais
931 2767 1021 2801 c'est
1044 2780 1091 2802 uu
1129 2769 1173 2802 de
1206 2780 1266 2802 ses
1300 2769 1444 2803 themes
1479 2769 1632 2805 favoris.

148 2811 203 2846 Cf.
230 2812 444 2846 ci-dessous
464 2814 482 2857 ἓ
500 2814 580 2854 139,
604 2819 639 2847 et
661 2814 694 2847 la
716 2818 816 2848 note.
