1942 3242
227 239 286 272 DE
315 236 732 271 RECUPERATIONE
762 234 924 289 TERRE
955 231 1151 265 SANCTE.
1175 249 1216 255 —
1244 229 1533 263 APPENDICE.
1567 229 1625 261 137

136 345 237 387 que,
274 335 406 387 prout
442 326 527 385 ipsi
561 326 775 368 ducerent
809 322 1139 382 requirendum.
1184 320 1377 378 Plusque
1415 319 1627 378 prodesse

136 399 332 442 creditur
359 407 402 441 et
427 399 566 441 tutius
593 405 709 440 esset
732 395 850 455 quod
879 395 941 437 sic
957 394 1151 436 mitteret
1178 392 1382 434 dominus
1402 408 1478 434 rex
1499 407 1625 449 quam

137 471 255 530 quod
276 471 375 522 iret,
406 478 588 529 propter
615 468 811 528 pericula
840 466 1008 516 mortis,
1034 465 1304 514 morborum,
1336 472 1378 506 et
1409 462 1627 505 defectum

136 543 364 602 regiminis
383 542 450 584 sui
472 542 614 601 regni,
641 540 711 582 cui
731 539 915 581 multum
937 536 1237 580 neccessarius
1259 543 1376 577 esset
1397 533 1623 576 morando.

136 616 244 658 Nam
271 630 385 663 cum,
417 613 659 655 secundum
687 610 1024 668 Philosophum,
1058 609 1300 652 Prudentia
1327 607 1480 648 mundi
1500 606 1628 663 hujus

135 690 180 728 in
214 686 338 728 nobis
375 688 635 744 acquiratur
665 699 750 741 per
785 683 1108 740 experiendam
1144 678 1387 738 agibilium,
1421 687 1462 720 et
1500 692 1629 734 expe-

137 761 301 800 rieneia
345 758 473 815 longo
509 757 674 814 indiget
719 764 924 812 tempore,
971 751 1136 794 idcirco
1176 749 1473 809 periculosum
1513 756 1629 790 esset

138 845 321 888 regnum
356 827 542 871 Francie
581 836 624 870 et
660 825 778 868 aliud
815 823 1124 883 quodcumque
1164 822 1260 881 regi
1296 837 1376 880 per
1405 822 1626 879 juvenem,

133 902 257 959 juxta
295 899 341 942 id
377 899 497 958 quod
530 899 637 941 dicit
669 897 786 940 idem
819 895 1134 954 PhilosophuS‚
1179 893 1298 952 quod
1337 894 1471 937 Nemo
1510 892 1631 950 eligit

130 975 312 1032 juvenes
338 972 482 1023 duces,
536 986 584 1013 eo
617 958 734 1030 qaod
762 984 847 1010 non
886 976 1058 1010 constat
1092 970 1209 1024 ipsos
1248 981 1342 1008 esse
1366 965 1627 1023 prudentes.

139 1043 308 1086 Idcirco
336 1051 541 1102 parentes
581 1042 656 1100 qui
686 1040 799 1083 filios
836 1042 1020 1098 juvenes
1050 1037 1242 1097 diligunt
1275 1037 1357 1079 niti
1385 1036 1550 1078 debent
1577 1035 1631 1077 ad

138 1115 268 1157 vitam
290 1115 513 1173 propriam
528 1111 894 1172 prolongandam,
919 1126 972 1152 ne
990 1110 1102 1152 filios
1121 1111 1304 1168 juvenes
1321 1108 1374 1150 ad
1389 1107 1631 1167 regendum

140 1187 184 1228 in
210 1186 288 1229 tali
315 1194 445 1236 statu,
470 1185 675 1227 videlicet
700 1192 787 1226 tam
815 1182 1081 1242 pericuIOSO,
1118 1181 1354 1223 dimittant.
1394 1179 1633 1237 Expediret

141 1258 260 1316 quod
297 1258 500 1300 dominus
533 1272 625 1307 rex,
669 1272 797 1314 quam
834 1254 1023 1313 primum
1056 1269 1234 1295 vaccare
1267 1260 1435 1310 posset,
1472 1251 1632 1293 dictam

142 1329 372 1388 epistolam
410 1329 596 1378 videret,
638 1327 817 1386 corrigi,
849 1325 1074 1368 emendari
1109 1333 1152 1367 et
1190 1324 1344 1382 perfici
1384 1323 1547 1365 faceret
1585 1338 1633 1364 ac

144 1400 371 1443 mandaret
397 1416 476 1458 per
505 1400 695 1458 aliquem
723 1415 799 1441 seu
821 1398 991 1456 aliquos
1013 1396 1268 1438 excellentis
1291 1411 1367 1437 seu
1399 1394 1634 1437 eminentis

144 1472 332 1514 sciencie
342 1471 591 1531 theologos,
605 1471 681 1529 qui
693 1470 746 1512 ad
762 1469 1029 1528 prelationes
1042 1483 1130 1510 non
1147 1468 1409 1525 aspirarent3
1429 1466 1634 1524 quoniam

144 1543 524 1602 concupiscencia‚
556 1550 687 1601 prout
712 1549 898 1584 testatur
920 1555 1060 1582 canon
1075 1539 1328 1598 Augustini,
1354 1538 1567 1596 pervertit
1593 1545 1635 1579 ct

144 1615 387 1673 corrumpit
403 1614 619 1672 judicium
647 1613 844 1655 rationis.
877 1614 962 1655 Per
983 1619 1190 1654 contenta
1217 1611 1260 1652 in
1291 1610 1408 1652 dicta
1429 1609 1631 1668 epistola,

143 1687 178 1729 si
216 1686 336 1736 fiant,
368 1686 599 1744 apparebit
637 1684 808 1743 liquido
844 1684 1057 1743 premissa
1098 1683 1184 1725 cito
1219 1690 1262 1724 et
1302 1682 1355 1723 de
1384 1681 1502 1723 facili
1542 1681 1636 1723 fieri

142 1774 272 1816 posse
317 1766 359 1799 et
404 1757 562 1800 durare
603 1757 781 1806 debere,
827 1771 1000 1798 necnon
1045 1754 1164 1813 quod
1206 1753 1409 1795 dominus
1453 1769 1529 1794 rex
1574 1753 1636 1794 sic

143 1830 306 1888 poterit
332 1831 466 1872 Terre
495 1830 655 1872 Sancte
676 1827 909 1887 providere
938 1827 991 1869 de
1013 1826 1130 1869 facili
1151 1842 1249 1868 cum
1271 1824 1443 1867 modico
1459 1832 1636 1882 sumptu

145 1908 187 1942 et
215 1909 358 1951 custu,
394 1917 565 1943 necnon
601 1899 720 1959 quod
757 1900 818 1941 sic
847 1899 958 1941 sacta
980 1898 1190 1957 provisiO,
1222 1897 1392 1939 favente
1427 1897 1633 1946 Domino,

145 1980 360 2031 perpetuo
387 1971 660 2030 perdurabit,
692 1979 735 2014 et
756 1971 811 2013 ad
838 1970 1064 2013 commode
1085 1969 1356 2028 pacificeque
1384 1968 1633 2018 vivendum,

147 2060 278 2102 super
294 2044 438 2086 omnia
461 2060 545 2102 que
562 2043 673 2085 facta
700 2051 742 2085 et
759 2042 948 2101 cogitata
971 2042 1180 2100 leguntur
1196 2041 1249 2082 ab
1272 2040 1443 2099 origine
1467 2039 1633 2089 mundi,

146 2115 348 2173 proficiet
374 2115 580 2157 omnibus
602 2114 855 2156 hominibus
883 2113 1171 2172 spiritualiter
1193 2120 1236 2154 et
1262 2111 1565 2169 temporaliter
1594 2111 1637 2152 in

148 2186 359 2236 futurum,
396 2186 543 2228 taliter
570 2186 689 2244 quod
727 2185 866 2244 ipsius
892 2184 1108 2243 principis
1141 2192 1261 2226 tante
1296 2183 1358 2225 rei
1398 2182 1638 2224 causatoris

148 2265 191 2299 et
229 2258 495 2315 promotoris
536 2257 743 2300 memoria
783 2257 828 2299 in
875 2256 1149 2298 orationibus
1187 2254 1380 2297 fidelium
1423 2261 1638 2312 perpetuo

147 2328 420 2387 perdurabit.

214 2471 293 2517 10.
344 2472 575 2529 Apparere
615 2471 784 2530 liquido
827 2479 973 2530 potest
1018 2470 1199 2513 cuilibet
1242 2469 1413 2512 futuros
1459 2476 1639 2511 eventus

149 2559 298 2585 verum
331 2542 584 2601 probabiles
622 2543 811 2585 intuenti
845 2542 964 2601 quod
1004 2542 1120 2584 dicta
1152 2541 1370 2584 ordinatio
1404 2541 1636 2590 bonorum,

151 2630 235 2672 que
263 2614 362 2656 data
388 2614 566 2656 fuerunt
599 2613 858 2672 Templariis
889 2614 945 2656 ob
981 2629 1153 2656 causam
1181 2629 1266 2671 que
1300 2628 1388 2655 non
1422 2611 1503 2654 fuit
1536 2612 1640 2654 sub-

152 2694 315 2735 secuta,
341 2694 384 2728 et
407 2686 463 2727 ob
479 2686 562 2727 hoc
576 2693 642 2727 est
661 2686 905 2727 revocanda
932 2685 1128 2738 donatio,
1144 2701 1232 2727 non
1248 2693 1295 2727 ut
1317 2684 1370 2727 ad
1386 2684 1640 2742 prophanos

153 2772 259 2798 usus
279 2765 538 2807 revertatur,
571 2756 648 2798 sed
675 2765 721 2798 ut
748 2764 1027 2799 convertatur
1054 2757 1098 2798 in
1132 2756 1262 2798 finem
1290 2755 1502 2805 debitum,
1534 2770 1640 2813 qua-

155 2843 342 2887 cumque
363 2828 639 2871 dubitatione
653 2836 869 2878 cessante,
894 2827 1094 2889 proderit
1108 2827 1289 2888 prelatis
1311 2835 1354 2870 et
1373 2826 1454 2869 toti
1476 2825 1641 2887 populo

1653 971 1753 1008 Ruppel
1769 972 1831 999 d'uu
1845 975 1900 999 me-

1687 1008 1770 1035 moire
1807 1011 1900 1044 prece-

1687 1044 1750 1071 dent
1776 1044 1809 1070 de
1835 1044 1901 1071 l'au-

1687 1085 1766 1107 teur
1789 1090 1846 1106 sur
1869 1080 1899 1107 le

1687 1119 1773 1143 meme
1788 1118 1866 1151 sujet.
