1942 3242
421 210 482 245 DE
513 208 934 244 RECUPERA'I'IONE
967 208 1131 244 TERRE
1165 209 1364 243 SANCTE.
1596 208 1635 241 97

141 317 170 343 a
211 307 352 360 signO.
395 302 451 343 Et
484 301 694 360 intelligit
733 300 787 342 de
823 300 1202 342 demonstratione
1241 315 1326 358 que
1364 315 1445 357 per
1484 314 1635 341 causas

139 372 415 415 neccessario
438 372 753 415 concludentes
775 380 818 414 et
839 371 1079 414 inferentes
1106 371 1380 413 conclusioni
1407 370 1632 428 procedit;

140 443 234 495 sed,
258 444 439 503 politice
466 444 705 502 loquend0‚
734 460 813 502 per
840 444 1198 502 presumptiones
1231 442 1490 485 verisimiles
1531 451 1636 484 con-

135 517 406 573 jecturamus
445 514 499 557 de
526 515 740 573 preterito
777 523 818 557 et
853 515 1051 573 presenti
1084 515 1128 557 in
1169 515 1381 564 futurum,
1426 515 1548 572 juxta
1591 513 1637 555 id

141 586 260 645 quod
302 587 362 629 ait
401 586 734 644 Philosophus:
778 588 884 628 Tum
907 586 1207 644 pulcherrime
1242 585 1459 644 diffinitur
1487 602 1635 627 limmi-

140 659 354 718 quodque,
379 674 475 700 cum
508 658 712 716 diffinitio
746 658 854 700 data
888 659 940 700 de
977 673 1024 700 re
1055 658 1292 699 concordat
1320 657 1636 716 apparentibus

140 730 203 772 ad
225 745 396 772 sensum
431 730 484 771 de
517 730 700 782 eadem;
740 737 782 771 et
815 729 860 771 in
891 729 990 788 lege
1028 729 1170 771 civili:
1206 730 1256 771 In
1304 732 1478 772 incertis
1516 729 1635 771 locus

139 811 204 843 est
233 803 509 860 conjecturis,
557 800 763 843 videlicet
790 816 880 843 non
917 801 1270 859 quibuscunque,
1311 800 1389 843 sed
1418 801 1634 842 verisimi-

139 873 255 915 libus
276 880 319 915 et
339 872 662 931 probabilibus.
689 873 1011 930 Evenirejuxta
1033 872 1210 914 solitum
1228 872 1440 914 hactenus
1456 888 1632 915 cursum

139 953 294 987 nature
344 943 543 986 videmus
580 943 699 1002 quod
741 944 912 986 malicia
957 935 1185 986 hominum
1223 952 1266 986 et
1312 944 1540 987 inclinatio
1581 944 1635 986 ad

140 1015 318 1069 malum,
344 1015 630 1074 cupiditatem
652 1023 694 1057 et
716 1016 961 1066 avariciam,
987 1032 1159 1074 semper
1172 1016 1331 1058 crescit
1350 1034 1359 1068 ;
1378 1032 1465 1058 non
1491 1024 1633 1058 autem

140 1087 366 1137 sanctitas,
403 1086 641 1137 orationes,
679 1086 951 1137 affectiones,
994 1095 1037 1129 et
1088 1087 1277 1130 sciencie
1311 1087 1634 1146 predicantium

139 1158 255 1200 bella
267 1157 594 1200 detestantium.
614 1158 784 1200 Idcirco
813 1159 849 1200 si
872 1159 1096 1209 sanctitas,
1119 1158 1334 1210 doctrina,
1354 1167 1396 1201 et
1412 1159 1633 1201 orationes

141 1237 392 1272 sanctorum
424 1231 618 1280 Patrum,
655 1230 770 1272 bella
810 1230 1128 1273 catholicorum
1172 1239 1213 1272 et
1250 1247 1401 1273 eorum
1438 1230 1632 1289 pericula

140 1317 312 1344 cessare
338 1317 427 1343 non
456 1301 668 1352 fecerunt,
701 1302 921 1360 quomodo
954 1310 1179 1360 presumet
1205 1302 1487 1361 Apostolicus
1516 1302 1634 1360 quod

140 1373 362 1415 orationes
397 1381 439 1415 et
473 1372 673 1415 doctrine
713 1373 1025 1415 modernorum
1064 1390 1112 1416 ac
1151 1374 1400 1416 futurorum
1436 1374 1633 1416 Ecclesie

141 1443 460 1495 ministrorum,
485 1444 615 1495 bella,
647 1444 927 1503 cupiditates,
947 1453 989 1487 et
1002 1446 1210 1488 avaricias
1233 1446 1456 1504 exquibus
1478 1462 1632 1504 proce-

141 1514 266 1566 dunt,
291 1531 463 1558 cessare
485 1515 644 1558 faciant
662 1516 707 1558 in
733 1516 964 1559 futurum?
998 1517 1045 1559 Si
1084 1533 1190 1576 ergo
1218 1517 1300 1559 alia
1336 1533 1449 1576 pena
1478 1517 1632 1559 verisi-

141 1585 305 1629 militer
325 1587 462 1646 magis
489 1587 685 1630 timenda
713 1595 755 1629 et
774 1587 970 1646 proficua
995 1604 1083 1630 non
1106 1589 1367 1639 inveniatur,
1398 1589 1479 1631 hec
1507 1588 1632 1631 forti—

140 1656 294 1700 ficetur
315 1666 358 1700 et
378 1658 647 1717 perficiatur,
673 1659 921 1702 ,secundum
950 1660 1069 1718 quod
1092 1675 1169 1702 rex
1189 1660 1309 1719 pacis
1337 1660 1632 1719 prudentibus

140 1737 184 1770 et
201 1730 393 1788 expertis
414 1746 494 1788 per
525 1746 647 1772 suam
674 1731 863 1789 graciam
896 1739 939 1773 et
966 1731 1315 1774 misericordiam
1345 1732 1629 1782 ministrabit,

141 1800 414 1843 assiduarum
435 1802 683 1844 orationum
704 1802 963 1844 universalis
984 1803 1181 1845 Ecclesie
1211 1803 1366 1845 devoto
1388 1803 1633 1845 ministerio

142 1870 408 1931 suffragante
436 1891 446 1924 ;
513 1889 646 1931 super
709 1890 894 1932 quorum
949 1873 1284 1925 deliberatione,
1342 1874 1629 1933 perfectione,

143 1942 447 1986 emendatione
474 1952 517 1986 et
547 1944 804 1994 mutatione,
843 1961 922 2003 pre
962 1946 1120 1987 ceteris
1158 1946 1266 1988 locis
1300 1946 1474 1988 videtur
1501 1962 1633 2004 expe-

143 2013 284 2064 diens,
318 2014 434 2073 apud
467 2015 718 2066 Tholosam,
749 2016 1019 2074 prelatorum
1060 2025 1103 2059 et
1136 2017 1387 2076 principum
1427 2017 1632 2077 generale

142 2085 378 2127 concilium
408 2085 644 2128 salubriter
664 2088 894 2129 convocari
908 2086 934 2130 ¹.

206 2369 322 2416 110.
354 2371 586 2414 Premissis
617 2380 760 2415 autem
788 2373 856 2415 his
884 2373 1060 2432 scriptis
1089 2382 1130 2416 et
1158 2374 1219 2416 sic
1251 2375 1520 2418 transmissis
1552 2376 1630 2418 do-

143 2442 262 2484 mino
289 2442 383 2501 regi
405 2442 579 2501 Angue,
605 2460 702 2485 cum
736 2444 875 2486 literis
909 2444 1066 2487 clausis
1102 2446 1243 2504 ipsum
1278 2447 1627 2499 exhortantibus,

141 2514 270 2555 tactis
298 2514 491 2555 breviter
511 2514 773 2557 utilitatibus
795 2516 1098 2574 spiritualibus
1122 2517 1183 2559 rei
1212 2518 1358 2568 misse,
1393 2518 1446 2560 ad
1470 2519 1631 2561 sacien-

143 2583 246 2626 dum
288 2584 449 2643 inspici
482 2586 757 2636 transmissa,
801 2587 904 2637 cito,
946 2596 1132 2638 secreto,
1175 2605 1254 2646 per
1294 2590 1514 2647 sapientes
1549 2591 1630 2632 sibi

191 2762 225 2795 1.
255 2761 306 2796 Le
324 2763 505 2797 memoire
522 2763 669 2797 destine
691 2764 710 2797 Ξι
730 2764 908 2799 Edouard
932 2765 982 2799 1⁶¹*
1016 2766 1185 2800 s'acheve
1216 2767 1276 2800 ici.
1301 2767 1353 2801 Ce
1376 2769 1438 2814 qui
1474 2769 1548 2802 suit
1575 2774 1632 2803 est

144 2808 300 2843 adresse
319 2810 337 2843 a
362 2810 536 2856 Philippe
557 2811 591 2845 le
612 2811 693 2845 Bel.
723 2812 849 2858 Voyez
871 2819 977 2847 notre
999 2814 1275 2848 Introduction.

352 2885 466 2919 Pierre
486 2886 624 2919 Dubois.
1406 2893 1423 2920 7

1652 2383 1784 2419 Expediet·
1804 2384 1829 2411 le
1843 2389 1899 2412 me-

1688 2421 1770 2446 moin-e
1784 2421 1827 2456 qui
1840 2425 1899 2457 pre-

1688 2456 1754 2482 cede
1791 2466 1824 2483 au
1861 2460 1899 2485 roi

1687 2491 1898 2527 d’Anglcterre

1688 2533 1714 2554 et
1724 2537 1757 2554 au
1769 2537 1845 2565 pape.
