1942 3242
340 213 434 245 XXIV
900 207 1272 241 INTRODUCTION

342 314 446 350 rant
475 305 563 350 des
597 304 771 349 choses
801 302 1046 364 anglaises
1084 311 1130 347 et
1163 301 1274 345 n'en
1302 300 1437 361 parle
1464 299 1656 361 guere¹.
1694 300 1831 344 Cette

344 383 585 443 premiere
610 382 761 442 partie
787 386 932 435 etant,
957 379 1077 424 dans
1107 378 1151 422 la
1184 383 1366 439 pensee
1407 377 1467 421 de
1507 392 1596 422 son
1642 385 1830 430 auteur,

345 475 439 504 une
461 459 718 504 circulaire
740 456 971 519 generale
989 472 1080 500 aux
1096 456 1383 516 puissances
1401 454 1520 498 dela
1544 453 1830 508 chretiente,

345 537 448 581 rien
472 537 532 580 de
554 536 695 587 local,
717 535 775 579 de
794 533 1058 595 personnel
1076 549 1138 577 ou
1156 533 1215 576 de
1237 531 1521 592 particulier
1542 530 1618 591 n’y
1637 529 1833 591 pouvait

343 613 554 674 prendre
581 613 733 673 place.

1131 777 1219 822 Cn.
1242 778 1300 821 V.
1338 777 1592 820 LANGLOIS.

345 1140 516 1186 anglaise
539 1140 628 1187 qu’il
651 1146 733 1174 erut
754 1142 948 1173 connaitre
966 1152 973 1179 ;
1008 1138 1032 1172 il
1056 1138 1153 1172 avait
1171 1137 1381 1183 cependant
1400 1137 1563 1170 entendu
1586 1135 1712 1182 parler
1730 1136 1775 1169 de
1797 1135 1831 1169 la

345 1189 498 1222 raideur
519 1200 606 1222 avec
635 1188 795 1234 laquelle
822 1187 877 1220 les
901 1187 1012 1232 juges
1040 1198 1182 1232 royaux
1210 1184 1471 1231 d'Angleterre
1499 1183 1744 1230 reprimaieut
1776 1183 1831 1216 les

346 1236 631 1282 empietements
648 1237 693 1269 de
712 1237 744 1269 la
762 1234 984 1281 juridiction
1006 1233 1292 1279 ecclesiastique
1311 1246 1317 1266 :
1336 1232 1381 1266 cf.
1406 1232 1438 1266 le
1459 1234 1509 1265 De
1531 1230 1668 1271 abram,
1698 1230 1763 1264 fol.
1787 1231 1832 1264 23

344 1292 405 1316 v⁰:
431 1297 448 1316 t(
472 1284 632 1329 Propter
654 1284 767 1329 longe
788 1283 954 1316 minores
977 1293 1154 1315 excessus
1177 1279 1379 1326 justiciarii
1400 1279 1541 1313 domini
1569 1278 1672 1324 regis
1696 1277 1832 1323 Anglie

345 1331 654 1377 archiepiscopos
685 1332 856 1377 aliosque
879 1330 937 1363 sui
958 1329 1066 1375 regui
1087 1329 1254 1375 prelatos
1270 1334 1307 1362 et
1325 1339 1454 1361 eorum
1477 1327 1661 1360 officiales
1683 1325 1722 1359 in
1753 1337 1835 1358 car—

347 1390 429 1412 cere
450 1379 557 1425 regio
577 1380 778 1412 detrudere
800 1382 1089 1415 consueverunt,
1109 1376 1261 1409 domino
1279 1388 1372 1421 papa
1392 1374 1589 1414 tolerante,
1609 1379 1644 1407 et
1660 1373 1705 1406 ad
1724 1383 1834 1419 quem

346 1426 453 1472 regui
472 1426 606 1472 Anglie
627 1438 843 1472 supremum
868 1425 1076 1459 dominium
1096 1423 1234 1457 dicitur
1255 1423 1458 1469 pertinere,
1483 1422 1588 1468 cujus
1609 1421 1758 1466 signum
1777 1425 1836 1453 est

347 1475 446 1519 quod
475 1474 650 1508 domiuus
678 1487 742 1508 rex
763 1473 911 1519 Anglie,
942 1472 1092 1519 quando
1115 1471 1230 1517 aliqui
1251 1471 1289 1504 in
1311 1470 1479 1516 ejusdem
1501 1469 1603 1515 regis
1631 1467 1732 1502 curia
1763 1467 1835 1501 liti-

347 1527 436 1566 gant
455 1527 583 1555 contra
607 1522 744 1568 ipsum,
769 1522 863 1567 ipse,
888 1521 989 1566 quod
1005 1519 1223 1565 frequenter
1244 1518 1414 1564 contigit,
1437 1517 1585 1563 positus
1603 1516 1641 1550 in
1663 1515 1834 1553 emenda,

347 1575 495 1602 centum
528 1570 700 1603 marchas
731 1568 878 1615 argenti
896 1568 1042 1601 solvere
1075 1566 1272 1600 consuevit
1300 1566 1346 1599 ad
1379 1577 1487 1598 usum
1525 1575 1732 1611 pauperum
1771 1573 1839 1608 per

347 1629 496 1650 manum
518 1617 776 1651 elemosinarii
797 1615 1078 1650 conversandas
1098 1627 1129 1648 ».

396 1666 429 1698 1.
459 1664 516 1698 Cf.
534 1665 746 1711 cepeudant
766 1665 783 1709 ἓ
804 1665 860 1704 29,
886 1663 988 1709 ligne
1010 1664 1067 1696 21.
