1942 3242
373 203 432 235 DE
463 200 881 234 RECUPERA'I'IONE
910 199 1070 231 TERRE
1101 197 1301 229 SANCTE.
1545 195 1586 227 89

93 293 384 353 prejudicium
417 291 601 340 firmata,
630 299 698 333 tot
730 289 919 348 populos
947 295 1099 330 contra
1133 287 1254 344 ipsos
1282 286 1346 327 ire
1374 293 1417 327 et
1443 285 1582 326 ituros

92 381 204 416 esse,
228 365 420 407 libenter
441 362 665 405 dimittent
685 362 779 404 sine
801 359 929 402 bellis
950 367 1085 401 totam
1117 360 1296 401 Terram
1328 355 1583 400 Promissio-

93 437 188 489 nis;
219 435 339 494 quod
365 434 402 477 si
423 434 623 483 fecerint,
648 448 737 475 non
759 431 996 474 destructis
1024 429 1250 472 fortaliciis
1284 436 1327 470 et
1353 427 1584 469 habitatio-

92 508 221 551 nibus
250 507 362 557 aliis‚
388 505 588 563 reliquiis
610 513 653 548 et
680 504 816 546 sacris
838 502 950 545 vasis
973 501 1259 544 ecclesiarum
1282 499 1490 549 dimissis,
1520 499 1584 540 vi-

92 579 220 622 detur
233 594 365 637 super
376 577 567 619 violenta
580 583 720 618 morte
736 576 798 617 eis
811 573 1097 633 parcendum,
1112 572 1193 615 sub
1206 570 1581 620 interminatione,

94 651 130 693 si
158 658 310 693 contra
330 649 530 691 venerint
550 663 728 706 quoquo
750 646 895 696 modo,
926 645 1045 704 quod
1072 644 1282 686 radicitus
1305 642 1585 700 extirpabun-

93 730 179 772 tur,
210 721 307 764 loco
335 721 420 763 sibi
442 736 529 762 non
552 718 710 762 relicto
744 719 788 760 in
821 726 953 760 terra.
994 718 1047 758 Et
1073 724 1178 758 tunc
1212 715 1385 756 videtur
1422 713 1585 772 optime

94 793 284 835 facturos
302 791 526 851 principes
554 791 590 832 si
611 790 823 839 redirent,
849 789 1030 831 dimisso
1058 788 1102 830 in
1122 789 1257 830 Terra
1281 788 1439 829 Sancta
1468 801 1585 826 exer·

94 864 182 907 citu
204 862 440 907 sufficienti
466 879 546 921 pro
567 864 661 919 ejus
691 861 894 911 tuitione,
932 876 1011 919 per
1039 859 1258 907 Greciam,
1294 874 1376 916 pro
1407 856 1586 898 domino

95 936 256 979 Karolo
277 942 428 977 contra
457 933 748 993 Peryalogum
776 933 987 990 injustum
1004 931 1296 980 detentorem,
1322 929 1408 971 nisi
1429 928 1586 970 cedere

93 1007 240 1057 vellet,
265 1023 362 1049 cum
382 1005 568 1048 consilio
596 1004 782 1047 ecclesie
815 1019 994 1046 romane
1025 1002 1198 1044 fortiter
1230 1001 1499 1060 pugnaturi;
1535 1016 1587 1042 eo

97 1087 225 1138 pacto
248 1078 367 1137 quod
389 1078 483 1136 ipse
511 1077 714 1119 dominus
737 1075 942 1125 Karolus,
966 1074 1116 1116 habita
1142 1073 1325 1115 victoria
1347 1080 1390 1114 et
1409 1087 1587 1131 posses-

97 1151 220 1193 sione
243 1149 436 1208 Imperii,
462 1148 516 1191 ad
537 1148 840 1191 defensionem
868 1149 1002 1189 Terre
1029 1147 1188 1189 Sancte
1210 1153 1432 1203 tamquam
1460 1143 1500 1186 ei
1522 1159 1587 1185 ce-

93 1221 200 1264 teris
213 1221 468 1280 proximior,
494 1220 706 1278 quociens
723 1235 833 1278 opus
853 1218 1001 1268 fuerit,
1019 1217 1265 1259 subsidium
1281 1216 1411 1258 faciet
1430 1231 1587 1274 oppor-

93 1301 263 1343 tunum,
287 1292 546 1334 remotiores
562 1291 802 1350 principes,
822 1298 971 1349 preter
993 1288 1250 1331 Alemannie
1268 1304 1432 1347 regem,
1457 1303 1589 1345 super

95 1363 348 1422 hujusmodi
375 1364 525 1406 labore
554 1363 726 1405 fortiter
749 1361 1000 1411 relevando,
1031 1369 1078 1403 ut
1100 1360 1162 1402 sic
1180 1360 1224 1402 in
1252 1368 1477 1418 posterum
1503 1375 1589 1400 om-

96 1436 165 1478 nia
193 1435 308 1478 bella
330 1434 683 1477 christicolarum
705 1434 759 1476 ad
804 1435 938 1476 Terre
963 1434 1124 1476 Sancte
1152 1431 1397 1474 subsidium
1444 1429 1590 1473 effica-

96 1507 205 1550 citer
226 1505 527 1549 ordinentur¹.

159 1638 274 1684 105.
307 1638 478 1693 Quibus
514 1637 742 1696 premissis
782 1637 844 1679 sic
877 1652 956 1694 per
990 1635 1071 1678 Dei
1117 1634 1309 1694 graciam
1355 1633 1586 1683 ordinatis,

98 1709 301 1752 catholici
330 1709 572 1751 concordes
593 1708 887 1767 possidebunt
901 1715 1036 1749 totam
1060 1707 1197 1765 ripam
1220 1706 1350 1748 maris
1377 1705 1591 1747 Mediter-

100 1781 236 1830 ranei,
261 1781 314 1823 ab
342 1782 436 1838 ejus
463 1780 694 1822 occidente
723 1796 861 1838 usque
902 1779 955 1821 ad
983 1779 1198 1820 orientem
1229 1793 1379 1820 versus
1414 1785 1591 1835 septen-

98 1853 302 1902 trionem,
333 1860 376 1894 et
403 1852 628 1894 meliorem
650 1859 818 1910 partem
846 1858 1099 1909 tangentem
1123 1851 1300 1892 Terram
1330 1848 1592 1891 Promissio-

101 1924 168 1966 nis
187 1939 338 1966 versus
357 1923 584 1965 meridiem
604 1941 613 1975 ;
638 1924 696 1965 ita
718 1922 837 1981 quod
859 1923 971 1964 bene
990 1922 1134 1963 vivere
1156 1921 1286 1963 etiam
1305 1919 1594 1978 corporaliter

102 2011 189 2037 non
204 2003 412 2053 poterunt
432 1994 613 2044 Arabes,
639 1994 725 2036 nisi
746 1994 1070 2036 communicent
1083 1992 1311 2034 catholicis
1333 1991 1594 2034 commercia

101 2082 246 2109 rerum
276 2082 467 2117 suarum;
497 2074 539 2107 et
560 2065 676 2108 idem
697 2066 741 2107 in
769 2065 1058 2107 orientalibus
1087 2064 1279 2122 populis,
1311 2071 1354 2106 et
1381 2063 1435 2106 de
1467 2063 1590 2122 ipsis.

161 2201 298 2251 [LXIV]
337 2195 450 2242 106.
488 2198 628 2238 Tanto
650 2212 755 2255 ergo
780 2196 866 2238 fine
887 2203 1120 2254 perspecto
1142 2211 1221 2253 per
1243 2194 1595 2236 christicolarum

101 2268 414 2327 legislatorem,
446 2267 622 2310 Domini
661 2269 762 2310 Jesu
785 2267 951 2309 Christi
978 2267 1187 2309 vicarium
1221 2267 1264 2308 in
1294 2266 1441 2315 terris,
1478 2265 1595 2307 beati

104 2340 223 2382 Petri
262 2339 476 2397 principis
514 2339 827 2397 Apostolorum
863 2354 1179 2387 successorem,
1222 2345 1380 2396 agente
1420 2338 1513 2378 Deo
1553 2344 1595 2378 et

153 2483 187 2516 1.
215 2481 362 2515 Dubois
383 2481 580 2527 proposait
597 2494 616 2514 a
637 2481 810 2526 Philippo
826 2481 858 2515 le
876 2481 953 2519 Bel,
974 2482 1068 2515 daus
1085 2481 1117 2513 le
1138 2483 1188 2514 De
1204 2479 1455 2514 abrwi'atzone
1469 2478 1552 2523 (fol.
1575 2480 1595 2512 9

106 2536 141 2562 r⁰
162 2534 198 2562 et
218 2532 281 2574 v0),
301 2530 333 2562 d'
341 2529 492 2562 obtcnir
510 2541 606 2574 pour
622 2541 691 2562 son
714 2529 811 2562 frere
834 2529 993 2562 charles
1013 2529 1057 2562 de
1081 2528 1211 2562 Valois
1232 2528 1263 2561 la
1287 2527 1385 2560 main
1403 2527 1447 2560 de
1470 2526 1596 2560 lhe'ri-

107 2576 199 2610 tiere
221 2577 266 2610 de
288 2577 456 2622 l'empire
473 2578 518 2609 de
532 2575 861 2621 Constantinople,
886 2582 934 2615 et,
966 2588 1032 2621 par
1049 2587 1118 2609 une
1139 2575 1363 2609 convention
1388 2575 1466 2619 prex
1458 2573 1592 2610 ’,ι1ἱὼ10

107 2624 153 2656 de
175 2636 214 2657 se
237 2624 328 2658 faire
351 2626 586 2657 reconnaitre
609 2636 750 2657 comme
774 2623 952 2669 seigneur
974 2624 1018 2656 de
1035 2629 1092 2657 cet
1108 2624 1261 2668 tempii-‚e
1284 2635 1328 2656 en
1346 2623 1512 2665 echange
1530 2622 1595 2654 des

109 2673 263 2704 Secours
283 2684 332 2716 qu
336 2672 370 2705 il
395 2671 595 2704 fouruirait
618 2683 713 2716 pour
735 2671 766 2704 le
788 2683 1001 2704 recouvre1.
1035 2670 1193 2704 Cbarles
1223 2671 1267 2703 dc
1296 2670 1426 2703 V¹1lois
1454 2682 1594 2714 epousa

108 2729 153 2751 en
172 2719 258 2752 effet
293 2718 496 2753 catherine
531 2719 576 2751 de
602 2719 820 2763 Courtenay
844 2720 901 2762 (28
931 2718 1078 2762 janvicr
1107 2719 1212 2761 1301)
1243 2723 1279 2751 et
1313 2717 1440 2750 devint
1469 2729 1536 2761 par
1563 2716 1596 2749 1.“ι

108 2765 283 2799 candidat
303 2766 323 2799 ἒι
346 2766 524 2812 l'Empire
545 2766 730 2800 d'Orient.
745 2765 821 2810 (Cf.
846 2765 1105 2812 Bibliotkeque
1127 2765 1171 2799 de
1189 2763 1324 2799 l'Ecole
1344 2763 1408 2798 des
1427 2763 1595 2802 chartas,

109 2813 212 2853 1890.
233 2825 269 2861 p.
291 2814 336 2850 63
354 2819 390 2848 et
410 2813 527 2860 suiv.)
547 2833 583 2839 —
609 2813 666 2847 Cf.
691 2813 910 2847 ci-dessous
931 2814 1043 2858 5116.

1605 723 1649 760 qui
1700 722 1858 750 retahliront

1642 769 1675 786 en
1724 765 1858 786 revenant

1642 795 1766 830 l'Empire
1791 795 1856 821 latin

1642 831 1676 857 de
1704 833 1723 857 (ἰ
1725 831 1856 858 onstanti-

1642 867 1720 930 ἓῗΡὲὲ
1743 876 1855 930 {3232}ss

1644 939 1676 966 de
1695 938 1795 966 taleis.

1612 1652 1649 1678 Lu
1666 1650 1860 1677 maduerunt-fe

1646 1695 1707 1713 sera
1714 1686 1779 1712 ainsi
1787 1694 1859 1721 pres-

1647 1732 1663 1758 q
1671 1731 1688 1748 u
1697 1731 1711 1748 e
1739 1731 1757 1748 u
1764 1731 1781 1748 n
1808 1721 1839 1748 la
1847 1730 1862 1748 c

1647 1758 1776 1785 chretieu.
