1942 3242
424 171 483 202 DE
515 165 938 202 RECUPERATIONE
968 164 1131 197 TERRE
1160 163 1351 196 SANCTE.
1575 161 1635 193 119

142 275 299 303 vocare
333 259 563 302 consuevit
596 259 641 301 in
672 274 752 300 suo
786 257 903 300 bello
943 255 997 298 ad
1035 270 1113 297 sua
1146 252 1366 312 stipendia
1397 251 1634 310 aliquando

142 330 342 381 comites,
380 331 584 381 barones,
620 329 781 372 milites
816 344 865 370 ac
897 326 1156 385 armigeros,
1191 324 1267 383 qui
1302 323 1537 366 servicium
1572 339 1634 365 ar-

142 418 315 446 morum
360 402 572 445 debentes
613 401 667 444 de
707 400 798 442 suis
836 398 966 442 bonis
1007 396 1200 456 propriis
1237 395 1517 445 militassent,
1558 411 1635 437 sua

143 473 270 516 feoda
303 473 358 515 de
403 473 599 516 serviciis
644 487 870 515 armorum
915 469 1204 528 aquitassent.
1240 466 1454 510 Similiter
1491 477 1636 508 autem

143 544 295 595 duces,
326 544 527 595 comites,
552 545 758 593 barones,
790 541 969 591 milites,
1016 552 1059 583 et
1094 539 1166 582 alii
1198 538 1376 581 servicia
1404 538 1634 588 debentes,

143 615 225 658 soli
255 615 504 675 obstagiare
538 631 707 673 suaque
747 613 926 656 servicia
957 611 1146 654 reddere
1175 627 1263 653 non
1284 611 1494 660 valentes,
1529 609 1636 652 alios

142 686 306 730 multos
327 702 476 730 secum
496 703 652 745 capere
685 697 728 728 et
756 697 908 728 tenere
935 700 1034 727 cum
1069 683 1160 726 suis
1192 682 1426 741 stipendiis
1455 699 1636 724 consue-

140 769 315 810 verunt,
341 758 418 817 qui
445 758 550 801 alias
577 774 675 801 cum
703 757 898 816 propriis
932 755 1146 815 impensis
1175 754 1352 796 servicia
1385 771 1471 812 que
1502 754 1637 796 debe-

141 831 247 873 bant
297 830 632 882 reddidissent3
676 829 736 871 sic
777 829 884 872 alios
933 828 1106 870 nobiles
1153 826 1362 876 occiosos,
1418 826 1552 868 fortes
1595 837 1638 867 et

140 912 346 960 potentes
379 901 691 960 relinquendo,
731 900 807 959 qui
844 900 1037 942 libenter
1073 897 1400 957 obstagiassent
1431 913 1530 939 cum
1564 897 1636 939 sti-

141 973 316 1032 pendiis
339 973 509 1024 alienis,
535 973 570 1015 si
585 972 726 1015 vocati
749 971 954 1014 fuissent.
982 973 1260 1029 Frequenter
1281 969 1412 1011 etiam
1434 968 1633 1028 contigit,

144 1045 280 1088 rebus
302 1044 363 1088 sic
384 1061 429 1087 se
452 1045 738 1095 habentibus,
764 1043 885 1103 quod
908 1042 1033 1085 miles
1056 1042 1222 1084 debens
1245 1041 1475 1084 servicium
1499 1058 1637 1083 armo-

144 1132 245 1159 rum
269 1116 389 1158 misit
412 1115 552 1159 filium
580 1133 709 1158 suum
733 1132 870 1158 unum
893 1112 990 1157 cum
1015 1114 1156 1156 tribus
1178 1114 1244 1155 vel
1267 1124 1473 1172 quatuor,
1502 1129 1636 1155 rema-

141 1203 253 1230 nens
279 1187 324 1229 in
355 1187 486 1230 domo
515 1204 609 1238 sua,
642 1203 730 1229 non
759 1187 855 1229 sine
888 1185 1014 1245 equis
1045 1196 1089 1228 et
1115 1185 1273 1237 armis3
1308 1185 1440 1235 filius,
1478 1184 1554 1243 qui
1582 1185 1637 1227 ad

142 1259 365 1317 impensas
383 1259 519 1317 patris
536 1258 786 1318 obstagiare
803 1259 1009 1308 debebat,
1028 1257 1282 1316 peccuniam
1303 1273 1325 1299 a
1340 1257 1481 1299 vicino
1498 1257 1635 1299 milite

141 1330 280 1388 patris
304 1330 372 1373 sui
393 1330 648 1389 recipiebat,
681 1341 729 1372 ut
755 1346 856 1373 eum
881 1330 1128 1388 aquitaret3
1153 1345 1233 1387 pro
1256 1345 1301 1371 se
1323 1340 1366 1371 et
1392 1344 1473 1387 pro
1494 1329 1635 1371 vicino

142 1401 372 1452 transibat,
404 1413 448 1444 et
474 1402 760 1460 postmodum
793 1418 840 1444 se
868 1401 1004 1460 recipi
1033 1401 1087 1443 ad
1115 1400 1334 1459 stipendia
1362 1400 1535 1443 comitis
1568 1402 1635 1443 vel

142 1473 320 1516 baronis
348 1475 637 1532 procurabat;
677 1477 720 1528 et
758 1473 818 1516 sic
843 1474 897 1516 ad
928 1473 1151 1532 impensas
1186 1472 1362 1530 majoris
1397 1489 1496 1514 eum
1531 1473 1634 1515 reci-

141 1543 320 1603 pientis,
351 1555 521 1603 patrem
546 1561 674 1588 suum
697 1557 740 1587 et
766 1547 862 1603 ejus
883 1545 1072 1587 vicinum
1099 1560 1231 1603 super
1253 1560 1475 1586 armorum
1498 1545 1633 1586 servi-

140 1615 206 1658 cio
229 1615 470 1675 aquitabat,
495 1616 686 1675 duplicia
709 1616 931 1675 stipendia
953 1633 1046 1666 sua,
1077 1616 1216 1674 patris
1238 1628 1282 1658 et
1301 1615 1448 1666 vicini,
1486 1633 1633 1659 secum

139 1699 400 1746 reportans;
432 1687 492 1730 sic
518 1705 598 1746 per
627 1689 756 1731 talem
786 1687 993 1730 inerciam
1029 1699 1073 1730 et
1101 1688 1420 1747 negligenciam
1450 1689 1632 1747 perqui-

139 1759 266 1801 rendi
305 1759 551 1810 veritatem,
595 1759 800 1802 dominus
838 1776 915 1802 rex
953 1775 1175 1802 armorum
1214 1759 1393 1802 servicia
1434 1776 1480 1802 re
1520 1761 1628 1818 ipsa,

137 1829 232 1888 ipso
255 1830 382 1881 facto,
414 1830 565 1873 multis
588 1831 853 1873 debentibus
883 1830 1130 1879 remittens,
1162 1842 1205 1872 et
1231 1831 1399 1873 donans
1427 1831 1631 1890 plurimis

135 1913 285 1944 custus
314 1902 596 1945 serviciorum
637 1919 722 1961 que
764 1903 1001 1952 debebant,
1039 1902 1185 1961 exegit
1225 1902 1454 1944 servicium
1497 1915 1630 1945 retro—

137 1973 286 2015 bannii
315 1973 359 2015 in
385 1973 559 2016 casibus
587 1974 631 2016 in
664 1974 827 2032 quibus
863 1990 950 2016 non
982 1986 1075 2016 erat
1096 1975 1365 2016 evocandum
1388 1986 1431 2016 et
1455 1975 1629 2033 exigen-

137 2044 258 2094 dum,
296 2045 525 2087 remittens
566 2045 746 2088 servicia
788 2045 1055 2088 debentibus
1089 2062 1153 2096 ea,
1194 2057 1237 2088 et
1268 2046 1448 2105 exigens
1483 2063 1505 2088 a
1542 2064 1629 2089 non

136 2115 418 2166 debentibus,
450 2133 502 2172 se*
529 2116 835 2175 spiritualiter,
870 2129 912 2160 et
951 2134 1039 2159 non
1072 2118 1284 2160 debentes
1325 2119 1629 2176 temporaliter

134 2187 349 2246 valdeque
370 2187 561 2247 graviter
587 2189 837 2240 honerans3
870 2189 1076 2232 similiter
1106 2189 1338 2248 allegando
1368 2190 1628 2232 neccessita-

136 2270 223 2301 tem
245 2259 453 2309 ecclesiis,
481 2271 538 2310 et,
569 2276 618 2303 ea
640 2261 884 2319 supposita,
916 2261 1127 2303 auxilium
1157 2261 1336 2319 exigens
1365 2263 1416 2303 ab
1440 2261 1624 2312 eisdem,

136 2330 235 2373 licet
275 2330 517 2373 secundum
556 2331 784 2374 veritatem
825 2349 913 2374 non
956 2332 1208 2375 immineret
1243 2333 1523 2383 neccessitas,
1560 2335 1626 2375 vel

137 2402 290 2444 saltem
335 2417 433 2444 cum
468 2413 588 2445 tanta
621 2419 709 2445 non
750 2403 1017 2454 immineret,
1049 2403 1110 2446 sic
1149 2404 1262 2447 ultra
1298 2405 1624 2447 neccessitatem

136 2473 383 2516 subsidium
411 2473 644 2532 exigendo,
676 2490 764 2517 non
786 2475 879 2517 sine
913 2475 1032 2534 gravi
1055 2488 1246 2534 peccato.

199 2613 314 2660 129.
352 2616 587 2670 Quomodo
619 2633 724 2675 crgo
755 2617 808 2659 de
842 2634 1000 2676 guerra
1037 2630 1186 2677 posset
1223 2621 1333 2661 benc
1369 2619 1623 2678 contingere

138 2685 364 2744 principi?
397 2703 564 2745 suaque
595 2703 756 2747 guerra
795 2689 1018 2747 quomodo
1057 2701 1208 2748 posset
1253 2690 1416 2732 exitum
1459 2692 1622 2733 bonum

139 2757 316 2810 habere,
348 2773 434 2801 non
464 2770 632 2801 servato
660 2759 773 2820 juris
801 2770 844 2804 et
874 2761 1206 2806 consuetudinis
1236 2761 1405 2812 ordine,
1438 2773 1501 2803 tot
1528 2779 1622 2821 gra·
