1942 3242
74 1643 111 1670 De

147 1642 184 1684 la·
201 1646 276 1669 route
305 1644 320 1668 ὲ

144 1686 246 1705 sumre.

336 253 373 286 18
881 251 1064 284 PIERRE
1094 250 1285 285 DUBOIS.

336 343 495 385 instrui
525 343 654 385 faciat
684 343 728 384 in
759 342 969 384 exercitio
1000 358 1236 392 armorum,
1274 342 1328 384 ad
1358 342 1477 400 quod
1504 342 1668 386 fuerint
1699 343 1826 386 habi-

336 414 467 455 liores
486 415 608 472 juxta
630 413 967 472 dispositionem
991 412 1114 456 ducis
1136 413 1243 456 belli
1263 429 1340 456 sue
1359 413 1563 456 civitatis.

394 556 478 602 25.
509 558 668 599 Fertur
693 556 809 598 enim
841 555 960 615 quod
981 554 1237 607 Tartarini¹‚
1272 572 1392 598 more
1412 557 1624 614 temporis
1644 556 1827 599 Alexan-

335 628 403 670 dri
418 628 536 687 regis
557 628 873 686 obstagiantes,
895 628 957 686 (ut
973 636 1148 670 cavetur
1166 628 1212 669 in
1227 630 1268 669 A
1272 628 1568 681 [emach-eide,
1588 628 1721 670 moris
1736 636 1829 671 erat

335 699 482 741 Persis
499 699 684 741 ducibus
705 707 811 741 tunc
831 698 1043 757 temporis
1062 715 1235 741 omnem
1252 698 1414 741 ducere
1431 699 1474 741 in
1487 715 1605 741 arma
1617 698 1824 756 domum),

334 770 534 828 pecuniis
561 787 649 812 non
676 778 876 820 utuntur,
906 770 1109 812 victualia
1126 786 1215 812 non
1243 778 1525 828 comparant3
1557 770 1710 828 spoliis
1731 771 1828 813 hos-

335 842 445 883 tium
476 850 519 883 et
546 841 599 883 de
628 842 718 883 suis
747 841 1009 883 animalibus
1037 857 1122 900 que
1147 841 1329 891 ducunt,
1360 857 1409 883 ac
1436 857 1587 883 eorum
1613 841 1828 884 fructibus

336 920 597 964 vescuntur3
621 928 717 954 'non
750 921 904 954 tenent
938 912 1216 954 obsidionem
1243 920 1342 954 ante
1370 928 1503 954 unum
1534 912 1826 965 fortalicium;

338 983 472 1025 semel
500 984 545 1025 in
573 1000 647 1025 sex
673 983 740 1025 vel
769 984 964 1042 quinque
993 983 1165 1034 diebus,
1197 1000 1249 1025 ex
1275 983 1394 1025 omni
1420 992 1560 1042 parte,
1591 1000 1716 1026 mane
1744 998 1837 1026 una·

338 1055 445 1097 hora
468 1055 595 1096 simul
608 1071 760 1096 omnes
781 1056 1072 1107 conveniunt3
1098 1055 1308 1097 insultum
1323 1054 1488 1096 faciunt
1505 1055 1652 1096 multis
1669 1055 1825 1106 modis,

340 1126 581 1168 secundum
604 1126 713 1168 ritus
741 1142 858 1176 suos,
892 1143 1032 1184 usque
1060 1143 1199 1185 prope
1225 1142 1481 1185 vesperam3
1510 1134 1615 1168 tunc
1642 1126 1830 1168 redeunt

341 1197 394 1239 ad
422 1198 670 1240 habitacula
692 1213 784 1247 sua,
809 1214 982 1248 uxores,
1009 1197 1189 1247 liberos,
1214 1205 1256 1240 et
1283 1197 1462 1240 bestias.
1489 1199 1537 1239 In
1557 1197 1720 1240 talibus
1740 1214 1828 1240 non

341 1269 517 1327 expedit
543 1269 770 1321 insistere;
796 1268 1037 1311 secundum
1058 1269 1289 1311 varietates
1319 1277 1583 1326 temporum,
1614 1268 1826 1319 locorum,

341 1340 549 1391 hostium,
579 1349 875 1399 pugnatorum
903 1349 1171 1391 nostrorum,
1197 1349 1239 1382 et
1270 1340 1368 1390 alia,
1398 1340 1575 1382 modum
1602 1340 1831 1399 pugnandi

340 1411 507 1454 variare
529 1411 798 1470 opportebit,
823 1420 954 1469 prout
973 1413 1143 1470 experti
1164 1411 1380 1454 bellorum
1402 1411 1536 1453 duces
1550 1410 1742 1453 viderint
1757 1427 1831 1454 ex-

341 1482 509 1540 pedire.

400 1629 496 1679 [XII]
520 1624 603 1670 26.
635 1625 879 1679 Quoniam²
908 1635 1011 1667 vero
1043 1634 1313 1684 pugnatores
1347 1626 1391 1667 in
1419 1626 1527 1667 mari
1554 1641 1603 1667 ac
1630 1624 1732 1683 equi
1758 1640 1832 1666 eo-

341 1712 437 1738 rum
459 1697 719 1755 plerumque
748 1697 1052 1747 debilitantur,
1083 1713 1163 1739 nec
1197 1697 1325 1738 simul
1353 1705 1503 1755 posset
1531 1696 1685 1738 haberi
1713 1711 1832 1738 com-

339 1776 495 1826 petens
522 1769 744 1827 navigium
772 1768 826 1810 ad
852 1776 1020 1810 tantum
1047 1768 1257 1826 populum
1285 1768 1413 1810 simul
1439 1766 1829 1816 transfretandum,

339 1855 420 1881 nec
459 1840 621 1882 alicubi
655 1848 837 1898 possent
883 1839 1010 1882 simul
1049 1855 1179 1882 naves
1221 1839 1402 1889 intrare,
1446 1855 1526 1881 nec
1564 1838 1617 1880 ad
1656 1838 1833 1880 unicum

339 1921 516 1970 portum
544 1911 672 1953 simul
700 1911 936 1969 applieari3
968 1910 1150 1959 idcirco,
1181 1927 1235 1952 ne
1263 1926 1425 1969 paucos
1453 1909 1582 1952 simul
1608 1909 1834 1951 venientes

340 2000 419 2042 per
447 1983 721 2025 ferocitatem
748 1983 941 2024 hostium
968 1982 1181 2024 trucidari
1213 1982 1455 2041 contingat,
1493 1980 1834 2039 procurantibus

340 2055 465 2097 malis
494 2055 663 2114 angelis
699 2055 830 2112 hujus
866 2054 1013 2112 operis
1051 2061 1183 2112 prout
1219 2053 1355 2113 magis
1390 2060 1600 2111 poterunt
1626 2051 1831 2101 inimicis,

341 2126 549 2185 expedire
583 2126 758 2169 videtur
791 2125 909 2183 quod
940 2125 994 2167 ad
1022 2125 1159 2167 instar
1194 2125 1311 2167 illius
1349 2124 1543 2182 supremi
1576 2122 1834 2182 pugnatoris

341 2197 492 2240 Karoli
531 2198 696 2256 Magni,
750 2198 886 2254 major
941 2212 1042 2255 pars
1090 2196 1308 2238 exercitus
1350 2195 1498 2237 totalis
1542 2194 1717 2237 incedat
1754 2209 1834 2252 per

389 2335 421 2368 1.
450 2334 598 2367 Dubois
627 2333 722 2368 aime
752 2346 770 2366 a
794 2332 886 2366 citer
908 2333 962 2366 les
984 2338 1179 2366 coutumes
1211 2332 1277 2365 des
1298 2332 1491 2366 Tartares.
1516 2330 1572 2364 Cf.
1596 2333 1646 2364 De
1667 2329 1832 2364 abrevia-

341 2382 450 2422 ti,one
481 2382 617 2415 f01.11
647 2389 706 2414 r⁰t
741 2394 759 2414 ‹<
786 2380 923 2414 Audivi
959 2380 1157 2425 quemdam
1194 2379 1257 2425 qui
1287 2391 1369 2412 cum
1396 2379 1565 2412 Tartaris
1587 2383 1832 2412 conversatus

341 2430 462 2463 fuerat
483 2429 643 2462 recitaie
666 2429 766 2474 quod
798 2439 861 2461 rex
883 2434 982 2461 terre
1012 2439 1142 2460 eorum
1173 2427 1372 2472 quiescens
1404 2426 1500 2460 circa
1531 2425 1694 2459 medium
1724 2424 1833 2478 regni

341 2477 399 2510 sui
417 2476 469 2510 sic
486 2476 598 2510 mittit
614 2476 659 2508 ad
677 2475 847 2520 singulas
864 2481 991 2520 partes
1007 2475 1100 2520 ejus
1122 2487 1295 2519 pugnans
1315 2486 1382 2519 per
1397 2474 1505 2514 alios,
1523 2485 1606 2507 cum
1623 2471 1832 2506 necessitas

341 2524 410 2557 hoc
432 2524 656 2569 exposcit.»
685 2542 722 2548 —
743 2523 799 2556 Cf.
825 2522 876 2555 ci-
883 2523 1057 2561 dessous,
1082 2523 1099 2565 ἓ
1119 2522 1194 2557 69
1185 2535 1203 2555 a
1226 2522 1259 2555 Ia
1281 2522 1344 2554 fin.

388 2573 420 2605 2.
450 2571 597 2604 Dubois
613 2583 631 2604 a
648 2570 790 2603 reedite
810 2570 864 2602 les
886 2569 1190 2602 cons1dtr1t10ns
1214 2568 1434 2614 presentees
1448 2568 1542 2601 dans
1564 2579 1603 2601 ce
1622 2567 1744 2611 §daus
1762 2578 1830 2599 son

340 2618 518 2652 memoire
539 2619 583 2651 de
600 2619 690 2652 1308
712 2619 762 2650 De
782 2619 883 2661 facco
907 2618 1009 2650 Terre
1041 2618 1198 2650 Sancte:
1235 2616 1375 2650 «Sic...
1412 2615 1587 2648 dominus
1623 2625 1716 2648 rex..
1725 2625 1831 2658 .per

339 2665 627 2700 Alemanniam.
635 2691 641 2698 .
667 2665 703 2698 in
725 2665 879 2698 Terram
902 2663 1072 2697 Sanctam
1093 2664 1272 2697 transiret
1292 2675 1374 2697 cum
1396 2663 1552 2695 maxima
1578 2667 1830 2707 pugnatorum

340 2712 579 2746 multitudine
614 2712 712 2746 sicco
753 2712 859 2757 pede,
886 2711 982 2744 sicut
1021 2711 1100 2756 ejus
1138 2717 1358 2744 antecessor
1395 2710 1560 2743 Karolus
1594 2708 1754 2754 Magnus
1795 2714 1831 2741 et

344 2761 569 2794 Fredericus
610 2760 815 2813 imperator
859 2758 1089 2804 penultimus
1123 2758 1347 2792 transivisse
1380 2757 1570 2803 leguntur.
1609 2756 1668 2790 Sic
1701 2755 1829 2790 venire

343 2813 501 2853 possent
531 2806 680 2840 nobiles
714 2807 750 2840 in
784 2806 938 2839 Terram
973 2805 1144 2839 Sanctam
1179 2817 1246 2851 per
1272 2805 1342 2839 Dei
1363 2804 1521 2850 gratiam
1543 2804 1660 2838 fortes
1682 2803 1829 2849 equites

342 2868 486 2895 omnes,
508 2868 582 2888 uon
606 2867 672 2900 per
695 2865 794 2887 mare
814 2853 1054 2887 debilitati.»
