1942 3242
355 222 394 256 64
842 214 851 219 ”’
901 219 1086 255 ΡΙΕΒΒΕ
1115 220 1308 255 nnssols.

353 314 441 356 vite
484 313 710 355 hominum
751 320 794 354 et
843 311 1073 370 occupatio
1119 311 1412 370 spiritualium
1450 320 1493 354 et
1532 313 1846 358 seculariorum

354 385 639 444 negociorum
676 400 775 427 raro
815 383 1077 442 permittunt
1110 383 1312 425 homines
1355 383 1550 442 perfecte
1588 384 1766 429 studere
1802 395 1846 429 et

353 472 621 515 cognoscere
645 457 744 514 jura
765 455 907 497 civilia
935 463 979 496 et
1000 454 1211 497 canonica
1236 462 1325 496 tam
1351 454 1538 513 prolixa,
1575 471 1670 498 cum
1697 457 1844 515 philo-

351 528 506 586 sophia
527 535 570 569 et
606 527 845 585 theologia.
880 528 1043 569 Tamen
1081 526 1194 568 bene
1232 525 1397 568 dociles
1435 526 1564 568 modo
1594 528 1843 587 prescripto

351 598 544 641 studium
583 598 907 648 continuantes,
948 596 1063 639 infra
1088 597 1270 656 triginta
1302 613 1439 639 annos
1470 598 1599 640 etatis
1633 615 1709 640 sue
1747 599 1843 642 fieri

349 677 559 728 poterunt
578 670 622 711 in
644 669 941 727 philosophia,
961 669 1061 726 jure
1083 668 1215 718 civili,
1240 669 1452 711 canonico
1479 677 1523 711 et
1543 669 1692 712 divino
1717 670 1842 714 valde

349 741 496 800 periti,
527 749 570 783 et
595 741 640 782 in
656 740 786 782 modo
808 739 1070 798 predicandi
1085 740 1270 798 experti.
1290 741 1398 783 Nam
1422 741 1651 799 Scriptura
1669 742 1841 785 Veteris

349 820 392 854 et
418 812 527 856 Novi
569 811 853 862 Testamenti,
897 827 994 852 cum
1028 810 1235 869 Legenda
1276 812 1538 853 Sanctorum
1568 812 1613 854 in
1643 813 1840 870 puericia

349 883 540 942 cognita,
589 883 777 941 repetita
814 882 1102 940 solempniter
1147 898 1244 924 cum
1278 883 1410 924 Libro
1449 884 1741 935 Summarum,
1792 893 1840 927 ut

346 955 653 1013 prescribitur,
683 970 799 996 anno
829 969 918 996 uno
946 961 1046 1012 post
1073 953 1352 1012 adeptionem
1388 954 1686 1013 philosophie,
1719 954 1839 998 suffi-

346 1026 515 1068 cienter
541 1042 594 1068 ex
627 1034 735 1067 tunc
773 1041 797 1067 a
825 1024 1021 1083 puericia
1050 1023 1256 1083 disponet
1285 1041 1360 1067 eos
1399 1025 1454 1067 ad
1481 1025 1835 1085 intelligendum,

345 1097 661 1156 reportandum
696 1113 744 1139 ac
773 1096 983 1139 memorie
1015 1096 1428 1148 commendandum,
1463 1097 1649 1156 singulis
1681 1098 1837 1141 diebus

344 1169 526 1220 festivis,
556 1168 898 1227 predicationes,
923 1167 980 1209 ita
1004 1167 1123 1225 quod
1143 1167 1403 1225 predicandi
1424 1168 1579 1210 modus
1607 1169 1669 1210 sic
1691 1185 1836 1211 assue-

344 1240 482 1283 factus
504 1240 588 1282 erit
608 1240 670 1282 eis
692 1239 816 1297 quasi
837 1238 1072 1290 naturalis3
1093 1239 1215 1296 juxta
1242 1238 1288 1280 id
1309 1239 1428 1297 quod
1453 1239 1609 1281 recitat
1631 1240 1835 1283 Philoso-

342 1312 456 1370 phus
467 1311 694 1354 Platonem
707 1310 909 1352 docuisse
920 1326 1081 1368 pueros
1095 1309 1320 1352 assuefieri
1332 1310 1377 1351 in
1387 1311 1595 1368 operibus
1606 1311 1831 1362 virtutum,

341 1391 389 1425 ut
409 1399 620 1441 processu
649 1382 863 1440 temporis
898 1382 986 1423 sint
1022 1382 1065 1423 in
1092 1381 1154 1423 eis
1199 1381 1323 1439 quasi
1356 1381 1586 1432 naturalia,
1627 1390 1670 1424 et
1702 1382 1756 1424 ad
1786 1398 1835 1424 ea

341 1463 561 1513 tamquam
583 1453 637 1496 ad
658 1453 873 1495 naturalia
900 1461 1170 1494 moveantur.
1195 1454 1303 1495 Nam
1331 1461 1378 1494 ut
1400 1452 1507 1495 dicit
1527 1453 1589 1495 ibi
1609 1470 1616 1494 :
1649 1454 1834 1496 Consue-

340 1526 441 1567 tudo
469 1527 613 1568 altera
641 1534 801 1567 natura
819 1534 897 1577 est,
928 1523 974 1566 id
995 1532 1062 1566 est
1088 1523 1244 1565 alterat
1265 1532 1479 1566 naturam.

400 1601 578 1651 [XLVIII]
621 1595 751 1651 Quod
795 1595 857 1637 sic
903 1595 1106 1653 expediat
1151 1595 1344 1652 prelatos
1396 1595 1582 1638 ecclesie
1633 1604 1832 1639 rectores

340 1668 520 1711 edoctos
535 1684 630 1710 esse
652 1668 696 1709 in
717 1666 1013 1725 philosophia,
1031 1666 1255 1725 theologia
1271 1674 1314 1708 et
1334 1666 1377 1708 in
1404 1675 1592 1725 utroque
1610 1669 1726 1725 jure,
1750 1683 1830 1710 usu

339 1748 382 1782 et
427 1739 706 1798 experiencia
735 1738 1024 1780 scienciarum
1052 1737 1321 1795 hujusmodi,
1359 1738 1462 1779 satis
1505 1738 1660 1781 docuit
1698 1755 1830 1797 expe-

339 1811 520 1861 riencia,
552 1826 754 1869 suprema
775 1825 922 1851 rerum
943 1809 1167 1867 magistra,
1191 1817 1324 1867 prout
1344 1808 1540 1851 clamant
1566 1809 1691 1851 multi
1719 1810 1831 1852 sacri

339 1898 543 1932 canoneS,
583 1881 966 1924 considerantibus
1000 1879 1197 1922 defectus
1237 1879 1419 1922 illorum
1454 1880 1724 1938 prelatorum
1755 1881 1830 1939 qui

338 1954 478 1996 solum
495 1955 566 2012 jus
589 1952 714 1995 civile
742 1953 836 1995 sine
864 1951 1076 1994 canonico
1106 1959 1149 1993 et
1175 1950 1340 2002 divino,
1374 1951 1478 1993 licet
1513 1951 1698 1994 multum
1724 1967 1829 2010 pro-

337 2025 487 2076 funde,
512 2024 777 2067 didicerunt.

337 2167 455 2201 tentin
477 2179 565 2201 avec
587 2165 837 2212 l'Angleterre
859 2165 1059 2211 (vacarius
1091 2165 1189 2199 avait
1214 2166 1386 2211 professe
1408 2166 1427 2199 a
1456 2166 1631 2211 Oxford),
1661 2167 1717 2200 les
1738 2178 1826 2213 rap-

336 2222 442 2260 ports
467 2215 512 2248 de
543 2222 604 2248 cet
633 2219 746 2259 agent
767 2214 812 2247 de
846 2213 1020 2258 philippe
1051 2212 1084 2246 le
1118 2213 1183 2246 Bel
1206 2225 1292 2246 avec
1323 2213 1500 2247 Edouard
1523 2214 1572 2247 1⁶¹·
1599 2220 1636 2247 et
1669 2226 1708 2247 sa
1737 2226 1828 2248 cour

335 2263 495 2296 rendent
522 2268 618 2295 cette
646 2261 861 2306 conjecture
890 2272 996 2294 assez
1030 2259 1334 2294 vraisemblable.
1362 2272 1379 2292 »
1410 2260 1516 2294 Cette
1538 2263 1754 2307 conjecture
1779 2273 1825 2295 ne

334 2322 431 2343 nous
453 2312 575 2355 parait
599 2309 706 2354 point
726 2308 814 2342 bien
840 2308 974 2341 solide.
1007 2307 1104 2341 Mais
1125 2307 1150 2341 il
1173 2314 1230 2341 est
1261 2308 1492 2342 interessant
1513 2309 1558 2342 de
1590 2320 1822 2354 remarquer,

334 2369 421 2390 avec
438 2356 489 2390 M.
506 2357 649 2395 Tardiff,
668 2368 740 2402 que
758 2356 790 2389 le
806 2367 942 2401 moyen
961 2357 1028 2400 age
1045 2367 1063 2388 a
1080 2355 1234 2400 produit
1249 2368 1296 2389 un
1314 2356 1433 2400 grand
1451 2355 1609 2389 nombre
1625 2355 1823 2401 d’abreges

334 2404 386 2438 ad
407 2416 514 2438 usum
541 2415 763 2451 pauperum,
797 2403 891 2437 dans
912 2407 998 2436 tous
1020 2403 1075 2436 les
1100 2414 1237 2447 genres
1259 2415 1265 2435 z
1293 2403 1453 2448 abreges
1482 2404 1527 2437 de
1555 2402 1753 2441 dictamen,
1777 2403 1823 2436 de

333 2452 571 2497 grammaire,
595 2452 640 2484 de
662 2450 853 2496 theologie
875 2450 1028 2488 morale,
1059 2455 1127 2483 etc.
1156 2449 1212 2484 Cf.
1247 2450 1279 2483 la
1302 2452 1454 2484 Summa
1476 2449 1732 2485 collectionum
1753 2460 1822 2496 pro

334 2498 631 2544 confessionibus
652 2497 856 2532 audiendis
881 2498 924 2531 de
946 2497 1101 2531 Durand
1124 2498 1168 2530 de
1192 2497 1435 2543 Champagne
1454 2510 1460 2530 :
1489 2511 1507 2531 «
1530 2498 1656 2543 Ego...
1678 2509 1822 2543 pauper

334 2559 402 2592 pro
422 2545 666 2592 pauperibus,
699 2545 762 2591 qui
796 2551 936 2578 tantam
968 2544 1153 2578 librorum
1188 2544 1464 2579 multitudinem
1500 2557 1567 2591 pro
1599 2550 1820 2591 paupertate

333 2606 407 2627 non
437 2599 608 2639 possent,
635 2593 692 2626 vel
727 2591 895 2639 [quibus]
925 2598 1081 2638 propter
1110 2593 1378 2638 occupationes
1415 2593 1538 2626 varias
1574 2593 1727 2626 studere
1762 2592 1820 2625 vel

333 2642 529 2687 perlegere
551 2653 625 2673 non
655 2640 795 2679 liceret,
827 2640 975 2673 etiamsi
1007 2638 1200 2678 haberent,
1236 2652 1393 2684 presens
1423 2652 1566 2685 opus...
1597 2644 1819 2684 attemptare

333 2688 582 2734 presumpsi»
613 2688 796 2733 (Histoire
824 2686 1015 2724 litte'raire.
1050 2687 1160 2726 XXX,
1196 2687 1292 2731 304).
1329 2687 1421 2720 Jean
1449 2688 1493 2720 de
1515 2686 1699 2720 Beauvais
1722 2686 1821 2720 avait

332 2736 462 2781 redige
485 2748 531 2769 un
547 2736 694 2768 manuel
714 2736 758 2768 de
780 2735 1002 2779 grammaire
1023 2735 1085 2780 qui
1105 2735 1245 2780 portait
1264 2735 1297 2768 le
1316 2734 1402 2768 titre
1418 2735 1462 2768 de
1484 2733 1592 2768 Liber
1609 2745 1819 2781 pauperum

330 2783 460 2828 (Ibid.,
479 2795 516 2828 p.
534 2784 673 2825 300).—
697 2781 729 2816 A
750 2782 828 2816 vrai
850 2782 943 2823 dire,
959 2782 992 2815 le
1011 2792 1144 2828 moyen
1167 2785 1235 2828 age
1254 2782 1311 2816 n'a
1328 2793 1400 2828 que
1419 2786 1506 2827 trop
1525 2782 1638 2827 geute
1654 2781 1709 2815 les
1725 2793 1818 2816 com-

327 2830 470 2879 pendia
486 2830 530 2864 de
546 2834 648 2865 toute
667 2831 815 2876 esp'ece.
