<?xml version="1.0" encoding="UTF-8"?>
<!DOCTYPE html PUBLIC "-//W3C//DTD XHTML 1.0 Transitional//EN"
    "http://www.w3.org/TR/xhtml1/DTD/xhtml1-transitional.dtd">
<html xmlns="http://www.w3.org/1999/xhtml" xml:lang="en" lang="en">
 <head>
  <title>
</title>
<meta http-equiv="Content-Type" content="text/html;charset=utf-8" />
  <meta name='ocr-system' content='tesseract 3.04.00' />
  <meta name='ocr-capabilities' content='ocr_page ocr_carea ocr_par ocr_line ocrx_word'/>
</head>
<body>
  <div class='ocr_page' id='page_1' title='image "./derecuperationet00dubouoft_0108.png"; bbox 0 0 1942 3242; ppageno 0'>
   <div class='ocr_carea' id='block_1_1' title="bbox 346 207 1298 244">
    <p class='ocr_par' dir='ltr' id='par_1_1' title="bbox 346 207 1298 244">
     <span class='ocr_line' id='line_1_1' title="bbox 346 207 1298 244; baseline -0.003 0"><span class='ocrx_word' id='word_1_1' title='bbox 346 207 386 244; x_wconf 90' lang='lat'>80</span> <span class='ocrx_word' id='word_1_2' title='bbox 895 207 1077 242; x_wconf 83' lang='lat' dir='ltr'>PIERRE</span> <span class='ocrx_word' id='word_1_3' title='bbox 1107 207 1298 241; x_wconf 86' lang='lat' dir='ltr'><strong>DUBOIS.</strong></span> 
     </span>
    </p>
   </div>
   <div class='ocr_carea' id='block_1_2' title="bbox 72 298 1838 787">
    <p class='ocr_par' dir='ltr' id='par_1_2' title="bbox 72 298 1838 787">
     <span class='ocr_line' id='line_1_2' title="bbox 346 298 1838 359; baseline 0 -17"><span class='ocrx_word' id='word_1_4' title='bbox 346 300 523 343; x_wconf 92' lang='lat' dir='ltr'>modum</span> <span class='ocrx_word' id='word_1_5' title='bbox 563 299 733 343; x_wconf 90' lang='lat' dir='ltr'>sciendi</span> <span class='ocrx_word' id='word_1_6' title='bbox 771 299 1002 359; x_wconf 86' lang='lat' dir='ltr'>logicalem</span> <span class='ocrx_word' id='word_1_7' title='bbox 1047 299 1091 341; x_wconf 90' lang='lat' dir='ltr'>in</span> <span class='ocrx_word' id='word_1_8' title='bbox 1125 298 1221 340; x_wconf 91' lang='lat' dir='ltr'>aliis</span> <span class='ocrx_word' id='word_1_9' title='bbox 1258 298 1541 357; x_wconf 88' lang='lat' dir='ltr'>adquisitum,</span> <span class='ocrx_word' id='word_1_10' title='bbox 1581 308 1759 358; x_wconf 88' lang='lat' dir='ltr'>superat</span> <span class='ocrx_word' id='word_1_11' title='bbox 1795 307 1838 342; x_wconf 89' lang='lat' dir='ltr'>et</span> 
     </span>
     <span class='ocr_line' id='line_1_3' title="bbox 344 370 1838 429; baseline -0.001 -15"><span class='ocrx_word' id='word_1_12' title='bbox 344 371 619 414; x_wconf 79' lang='lat' dir='ltr'><strong>transcendit</strong></span> <span class='ocrx_word' id='word_1_13' title='bbox 638 371 706 414; x_wconf 89' lang='lat' dir='ltr'>vel</span> <span class='ocrx_word' id='word_1_14' title='bbox 728 371 988 429; x_wconf 83' lang='lat' dir='ltr'>equiparare</span> <span class='ocrx_word' id='word_1_15' title='bbox 1010 370 1112 412; x_wconf 90' lang='lat' dir='ltr'>facit</span> <span class='ocrx_word' id='word_1_16' title='bbox 1131 388 1140 422; x_wconf 93' lang='lat'>;</span> <span class='ocrx_word' id='word_1_17' title='bbox 1164 378 1422 429; x_wconf 86' lang='lat' dir='ltr'>argumento</span> <span class='ocrx_word' id='word_1_18' title='bbox 1443 372 1537 428; x_wconf 86' lang='lat' dir='ltr'>ejus</span> <span class='ocrx_word' id='word_1_19' title='bbox 1558 370 1678 429; x_wconf 90' lang='lat' dir='ltr'>quod</span> <span class='ocrx_word' id='word_1_20' title='bbox 1698 370 1838 414; x_wconf 85' lang='lat' dir='ltr'>fertur</span> 
     </span>
     <span class='ocr_line' id='line_1_4' title="bbox 345 441 1833 501; baseline 0.001 -16"><span class='ocrx_word' id='word_1_21' title='bbox 345 443 578 501; x_wconf 85' lang='lat' dir='ltr'>scripsisse</span> <span class='ocrx_word' id='word_1_22' title='bbox 618 443 813 486; x_wconf 87' lang='lat' dir='ltr'>Galenus</span> <span class='ocrx_word' id='word_1_23' title='bbox 853 442 1040 500; x_wconf 90' lang='lat' dir='ltr'>loquens</span> <span class='ocrx_word' id='word_1_24' title='bbox 1087 441 1141 483; x_wconf 91' lang='lat' dir='ltr'>de</span> <span class='ocrx_word' id='word_1_25' title='bbox 1186 443 1403 500; x_wconf 88' lang='lat' dir='ltr'>Ypocrate</span> <span class='ocrx_word' id='word_1_26' title='bbox 1443 442 1505 483; x_wconf 92' lang='lat' dir='ltr'>sic</span> <span class='ocrx_word' id='word_1_27' title='bbox 1536 458 1544 483; x_wconf 75' lang='grc' dir='ltr'><strong><em>ε</em></strong></span> <span class='ocrx_word' id='word_1_28' title='bbox 1587 442 1686 486; x_wconf 85' lang='grc' dir='ltr'>Νοη</span> <span class='ocrx_word' id='word_1_29' title='bbox 1722 447 1833 486; x_wconf 85' lang='lat' dir='ltr'>enim</span> 
     </span>
     <span class='ocr_line' id='line_1_5' title="bbox 344 514 1831 574; baseline 0 -17"><span class='ocrx_word' id='word_1_30' title='bbox 344 515 507 574; x_wconf 72' lang='lat' dir='ltr'>aliqui-s·</span> <span class='ocrx_word' id='word_1_31' title='bbox 527 515 654 557; x_wconf 77' lang='lat' dir='ltr'>liomo</span> <span class='ocrx_word' id='word_1_32' title='bbox 676 524 815 557; x_wconf 83' lang='lat' dir='ltr'>artem</span> <span class='ocrx_word' id='word_1_33' title='bbox 836 515 1045 556; x_wconf 81' lang='lat' dir='ltr'><em>medicine</em></span> <span class='ocrx_word' id='word_1_34' title='bbox 1069 514 1276 571; x_wconf 82' lang='lat' dir='ltr'>complete</span> <span class='ocrx_word' id='word_1_35' title='bbox 1292 517 1404 555; x_wconf 85' lang='lat' dir='ltr'>scire</span> <span class='ocrx_word' id='word_1_36' title='bbox 1415 523 1562 572; x_wconf 81' lang='lat' dir='ltr'>potest</span> <span class='ocrx_word' id='word_1_37' title='bbox 1580 529 1658 556; x_wconf 83' lang='lat' dir='ltr'>nee</span> <span class='ocrx_word' id='word_1_38' title='bbox 1669 518 1831 572; x_wconf 79' lang='lat' dir='ltr'>potuit,</span> 
     </span>
     <span class='ocr_line' id='line_1_6' title="bbox 342 585 1834 645; baseline 0 -17"><span class='ocrx_word' id='word_1_39' title='bbox 342 590 430 628; x_wconf 85' lang='lat' dir='ltr'>nisi</span> <span class='ocrx_word' id='word_1_40' title='bbox 438 590 571 645; x_wconf 78' lang='lat' dir='ltr'>prius</span> <span class='ocrx_word' id='word_1_41' title='bbox 599 587 783 644; x_wconf 82' lang='lat' dir='ltr'><em>logicam</em></span> <span class='ocrx_word' id='word_1_42' title='bbox 811 589 993 639; x_wconf 67' lang='lat' dir='ltr'>noverit,</span> <span class='ocrx_word' id='word_1_43' title='bbox 1026 595 1202 643; x_wconf 68' lang='lat' dir='ltr'>excepto</span> <span class='ocrx_word' id='word_1_44' title='bbox 1230 585 1590 627; x_wconf 73' lang='lat' dir='ltr'>excellentissimo</span> <span class='ocrx_word' id='word_1_45' title='bbox 1618 586 1834 628; x_wconf 77' lang='lat' dir='ltr'>intellectu</span> 
     </span>
     <span class='ocr_line' id='line_1_7' title="bbox 342 656 1831 716; baseline 0.001 -17"><span class='ocrx_word' id='word_1_46' title='bbox 342 658 478 700; x_wconf 78' lang='lat' dir='ltr'>solius</span> <span class='ocrx_word' id='word_1_47' title='bbox 507 659 746 716; x_wconf 78' lang='lat' dir='ltr'>Ypocratis.</span> <span class='ocrx_word' id='word_1_48' title='bbox 784 657 857 700; x_wconf 90' lang='lat' dir='ltr'>Sic</span> <span class='ocrx_word' id='word_1_49' title='bbox 889 656 1175 699; x_wconf 88' lang='lat' dir='ltr'>artificialiter</span> <span class='ocrx_word' id='word_1_50' title='bbox 1204 656 1404 714; x_wconf 84' lang='lat' dir='ltr'>judicare</span> <span class='ocrx_word' id='word_1_51' title='bbox 1439 656 1653 698; x_wconf 88' lang='lat' dir='ltr'>deberent</span> <span class='ocrx_word' id='word_1_52' title='bbox 1688 673 1831 716; x_wconf 85' lang='lat' dir='ltr'>reges,</span> 
     </span>
     <span class='ocr_line' id='line_1_8' title="bbox 72 727 1831 787; baseline 0.001 -17"><span class='ocrx_word' id='word_1_53' title='bbox 72 745 266 777; x_wconf 72' lang='lat' dir='ltr'>Avantagos</span> <span class='ocrx_word' id='word_1_54' title='bbox 283 741 320 768; x_wconf 78' lang='lat' dir='ltr'>de</span> <span class='ocrx_word' id='word_1_55' title='bbox 343 737 384 771; x_wconf 89' lang='lat' dir='ltr'>et</span> <span class='ocrx_word' id='word_1_56' title='bbox 405 729 478 771; x_wconf 91' lang='lat' dir='ltr'>alii</span> <span class='ocrx_word' id='word_1_57' title='bbox 494 731 680 787; x_wconf 87' lang='lat' dir='ltr'>majores</span> <span class='ocrx_word' id='word_1_58' title='bbox 702 729 926 787; x_wconf 87' lang='lat' dir='ltr'>principes</span> <span class='ocrx_word' id='word_1_59' title='bbox 946 728 1178 786; x_wconf 87' lang='lat' dir='ltr'>acjudices</span> <span class='ocrx_word' id='word_1_60' title='bbox 1198 746 1207 780; x_wconf 81' lang='lat'><em>3</em></span> <span class='ocrx_word' id='word_1_61' title='bbox 1228 744 1317 770; x_wconf 92' lang='lat' dir='ltr'>non</span> <span class='ocrx_word' id='word_1_62' title='bbox 1334 727 1433 770; x_wconf 92' lang='lat' dir='ltr'>lites</span> <span class='ocrx_word' id='word_1_63' title='bbox 1449 728 1641 786; x_wconf 85' lang='lat' dir='ltr'>prolixas</span> <span class='ocrx_word' id='word_1_64' title='bbox 1663 728 1831 780; x_wconf 87' lang='lat' dir='ltr'>audire,</span> 
     </span>
    </p>
   </div>
   <div class='ocr_carea' id='block_1_3' title="bbox 107 777 1834 859">
    <p class='ocr_par' dir='ltr' id='par_1_3' title="bbox 107 777 1834 859">
     <span class='ocr_line' id='line_1_9' title="bbox 107 777 1834 859; baseline 0 -17"><span class='ocrx_word' id='word_1_65' title='bbox 107 777 320 843; x_wconf 44' lang='lat' dir='ltr'>izritflfmdm</span> <span class='ocrx_word' id='word_1_66' title='bbox 341 817 421 859; x_wconf 90' lang='lat' dir='ltr'>per</span> <span class='ocrx_word' id='word_1_67' title='bbox 444 817 627 859; x_wconf 90' lang='lat' dir='ltr'>quarum</span> <span class='ocrx_word' id='word_1_68' title='bbox 654 800 928 859; x_wconf 80' lang='lat' dir='ltr'>prolixitates</span> <span class='ocrx_word' id='word_1_69' title='bbox 949 800 1180 858; x_wconf 89' lang='lat' dir='ltr'>variosque</span> <span class='ocrx_word' id='word_1_70' title='bbox 1202 799 1372 841; x_wconf 90' lang='lat' dir='ltr'>colores</span> <span class='ocrx_word' id='word_1_71' title='bbox 1399 799 1731 857; x_wconf 78' lang='lat' dir='ltr'>postulantium,</span> <span class='ocrx_word' id='word_1_72' title='bbox 1754 816 1834 858; x_wconf 90' lang='lat' dir='ltr'>per</span> 
     </span>
    </p>
   </div>
   <div class='ocr_carea' id='block_1_4' title="bbox 336 870 1834 1502">
    <p class='ocr_par' dir='ltr' id='par_1_4' title="bbox 336 870 1834 1502">
     <span class='ocr_line' id='line_1_10' title="bbox 341 870 1832 923; baseline 0 -9"><span class='ocrx_word' id='word_1_73' title='bbox 341 872 583 923; x_wconf 88' lang='lat' dir='ltr'>dulcorem,</span> <span class='ocrx_word' id='word_1_74' title='bbox 615 871 880 922; x_wconf 87' lang='lat' dir='ltr'>albedinem,</span> <span class='ocrx_word' id='word_1_75' title='bbox 905 879 949 913; x_wconf 93' lang='lat' dir='ltr'>et</span> <span class='ocrx_word' id='word_1_76' title='bbox 970 871 1202 913; x_wconf 87' lang='lat' dir='ltr'>acuitatem</span> <span class='ocrx_word' id='word_1_77' title='bbox 1229 886 1382 912; x_wconf 90' lang='lat' dir='ltr'>vocum</span> <span class='ocrx_word' id='word_1_78' title='bbox 1404 887 1596 921; x_wconf 90' lang='lat' dir='ltr'>suarum,</span> <span class='ocrx_word' id='word_1_79' title='bbox 1627 887 1676 913; x_wconf 91' lang='lat' dir='ltr'>ac</span> <span class='ocrx_word' id='word_1_80' title='bbox 1701 870 1832 914; x_wconf 85' lang='lat' dir='ltr'>trusa-</span> 
     </span>
     <span class='ocr_line' id='line_1_11' title="bbox 341 941 1834 1002; baseline -0.001 -16"><span class='ocrx_word' id='word_1_81' title='bbox 341 959 436 986; x_wconf 89' lang='lat' dir='ltr'>rum</span> <span class='ocrx_word' id='word_1_82' title='bbox 457 943 859 1002; x_wconf 85' lang='lat' dir='ltr'>interpositionem,</span> <span class='ocrx_word' id='word_1_83' title='bbox 884 959 982 985; x_wconf 91' lang='lat' dir='ltr'>cum</span> <span class='ocrx_word' id='word_1_84' title='bbox 1009 942 1139 984; x_wconf 91' lang='lat' dir='ltr'>modo</span> <span class='ocrx_word' id='word_1_85' title='bbox 1167 941 1360 992; x_wconf 89' lang='lat' dir='ltr'>dicendi,</span> <span class='ocrx_word' id='word_1_86' title='bbox 1395 942 1587 993; x_wconf 90' lang='lat' dir='ltr'>ridendi,</span> <span class='ocrx_word' id='word_1_87' title='bbox 1618 951 1763 985; x_wconf 92' lang='lat' dir='ltr'>mutus</span> <span class='ocrx_word' id='word_1_88' title='bbox 1791 951 1834 985; x_wconf 90' lang='lat' dir='ltr'>et</span> 
     </span>
     <span class='ocr_line' id='line_1_12' title="bbox 340 1013 1830 1074; baseline -0.001 -16"><span class='ocrx_word' id='word_1_89' title='bbox 340 1015 464 1074; x_wconf 87' lang='lat' dir='ltr'>signa</span> <span class='ocrx_word' id='word_1_90' title='bbox 510 1031 594 1074; x_wconf 91' lang='lat' dir='ltr'>que</span> <span class='ocrx_word' id='word_1_91' title='bbox 646 1015 781 1057; x_wconf 88' lang='lat' dir='ltr'>scribi</span> <span class='ocrx_word' id='word_1_92' title='bbox 828 1030 917 1056; x_wconf 91' lang='lat' dir='ltr'>non</span> <span class='ocrx_word' id='word_1_93' title='bbox 945 1022 1129 1072; x_wconf 87' lang='lat' dir='ltr'>possent</span> <span class='ocrx_word' id='word_1_94' title='bbox 1173 1013 1380 1064; x_wconf 90' lang='lat' dir='ltr'>faciendi,</span> <span class='ocrx_word' id='word_1_95' title='bbox 1432 1030 1657 1056; x_wconf 88' lang='lat' dir='ltr'>sermones</span> <span class='ocrx_word' id='word_1_96' title='bbox 1711 1030 1830 1065; x_wconf 90' lang='lat' dir='ltr'>suos,</span> 
     </span>
     <span class='ocr_line' id='line_1_13' title="bbox 339 1084 1829 1145; baseline -0.001 -16"><span class='ocrx_word' id='word_1_97' title='bbox 339 1087 430 1145; x_wconf 91' lang='lat' dir='ltr'>qui,</span> <span class='ocrx_word' id='word_1_98' title='bbox 461 1087 497 1129; x_wconf 89' lang='lat' dir='ltr'>si</span> <span class='ocrx_word' id='word_1_99' title='bbox 518 1087 835 1137; x_wconf 86' lang='lat' dir='ltr'>scriberentur,</span> <span class='ocrx_word' id='word_1_100' title='bbox 866 1085 1003 1128; x_wconf 89' lang='lat' dir='ltr'>nichil</span> <span class='ocrx_word' id='word_1_101' title='bbox 1025 1093 1188 1139; x_wconf 84' lang='lat' dir='ltr'>essent,</span> <span class='ocrx_word' id='word_1_102' title='bbox 1218 1085 1264 1127; x_wconf 91' lang='lat' dir='ltr'>in</span> <span class='ocrx_word' id='word_1_103' title='bbox 1284 1084 1488 1127; x_wconf 88' lang='lat' dir='ltr'>effectum</span> <span class='ocrx_word' id='word_1_104' title='bbox 1511 1085 1829 1137; x_wconf 88' lang='lat' dir='ltr'>decorantium,</span> 
     </span>
     <span class='ocr_line' id='line_1_14' title="bbox 337 1157 1832 1216; baseline -0.001 -15"><span class='ocrx_word' id='word_1_105' title='bbox 337 1158 483 1201; x_wconf 88' lang='lat' dir='ltr'>taliter</span> <span class='ocrx_word' id='word_1_106' title='bbox 506 1158 625 1216; x_wconf 92' lang='lat' dir='ltr'>quod</span> <span class='ocrx_word' id='word_1_107' title='bbox 644 1158 803 1200; x_wconf 89' lang='lat' dir='ltr'>transit</span> <span class='ocrx_word' id='word_1_108' title='bbox 830 1173 981 1199; x_wconf 89' lang='lat' dir='ltr'>eorum</span> <span class='ocrx_word' id='word_1_109' title='bbox 1010 1157 1146 1207; x_wconf 90' lang='lat' dir='ltr'>color,</span> <span class='ocrx_word' id='word_1_110' title='bbox 1178 1157 1291 1199; x_wconf 94' lang='lat' dir='ltr'>sicut</span> <span class='ocrx_word' id='word_1_111' title='bbox 1318 1173 1391 1199; x_wconf 86' lang='lat' dir='ltr'>aer</span> <span class='ocrx_word' id='word_1_112' title='bbox 1419 1173 1499 1215; x_wconf 88' lang='lat' dir='ltr'>per</span> <span class='ocrx_word' id='word_1_113' title='bbox 1525 1173 1700 1216; x_wconf 83' lang='lat' dir='ltr'>gravem</span> <span class='ocrx_word' id='word_1_114' title='bbox 1726 1173 1832 1200; x_wconf 90' lang='lat' dir='ltr'>ven-</span> 
     </span>
     <span class='ocr_line' id='line_1_15' title="bbox 337 1228 1832 1289; baseline -0.001 -17"><span class='ocrx_word' id='word_1_115' title='bbox 337 1239 483 1272; x_wconf 88' lang='lat' dir='ltr'>torum</span> <span class='ocrx_word' id='word_1_116' title='bbox 509 1230 732 1272; x_wconf 86' lang='lat' dir='ltr'>turbinem</span> <span class='ocrx_word' id='word_1_117' title='bbox 754 1230 959 1289; x_wconf 84' lang='lat' dir='ltr'>agitatus.</span> <span class='ocrx_word' id='word_1_118' title='bbox 989 1229 1159 1271; x_wconf 89' lang='lat' dir='ltr'>Idcirco</span> <span class='ocrx_word' id='word_1_119' title='bbox 1195 1237 1348 1270; x_wconf 89' lang='lat' dir='ltr'>contra</span> <span class='ocrx_word' id='word_1_120' title='bbox 1377 1228 1487 1270; x_wconf 90' lang='lat' dir='ltr'>tales</span> <span class='ocrx_word' id='word_1_121' title='bbox 1517 1228 1648 1288; x_wconf 84' lang='lat' dir='ltr'>longe</span> <span class='ocrx_word' id='word_1_122' title='bbox 1675 1228 1832 1271; x_wconf 91' lang='lat' dir='ltr'>melius</span> 
     </span>
     <span class='ocr_line' id='line_1_16' title="bbox 338 1301 1831 1360; baseline -0.001 -17"><span class='ocrx_word' id='word_1_123' title='bbox 338 1310 404 1344; x_wconf 90' lang='lat' dir='ltr'>est</span> <span class='ocrx_word' id='word_1_124' title='bbox 433 1318 512 1360; x_wconf 90' lang='lat' dir='ltr'>per</span> <span class='ocrx_word' id='word_1_125' title='bbox 552 1301 814 1359; x_wconf 86' lang='lat' dir='ltr'>scripturam</span> <span class='ocrx_word' id='word_1_126' title='bbox 858 1309 1205 1359; x_wconf 87' lang='lat' dir='ltr'>permanentem,</span> <span class='ocrx_word' id='word_1_127' title='bbox 1246 1316 1375 1358; x_wconf 90' lang='lat' dir='ltr'>quam</span> <span class='ocrx_word' id='word_1_128' title='bbox 1405 1316 1484 1358; x_wconf 89' lang='lat' dir='ltr'>per</span> <span class='ocrx_word' id='word_1_129' title='bbox 1519 1301 1652 1342; x_wconf 88' lang='lat' dir='ltr'>verba</span> <span class='ocrx_word' id='word_1_130' title='bbox 1685 1301 1831 1343; x_wconf 90' lang='lat' dir='ltr'>subito</span> 
     </span>
     <span class='ocr_line' id='line_1_17' title="bbox 336 1372 1830 1431; baseline 0 -16"><span class='ocrx_word' id='word_1_131' title='bbox 336 1373 632 1424; x_wconf 90' lang='lat' dir='ltr'>transeuncia,</span> <span class='ocrx_word' id='word_1_132' title='bbox 663 1373 914 1431; x_wconf 82' lang='lat' dir='ltr'>disputare3</span> <span class='ocrx_word' id='word_1_133' title='bbox 939 1381 986 1415; x_wconf 93' lang='lat' dir='ltr'>ut</span> <span class='ocrx_word' id='word_1_134' title='bbox 1008 1388 1139 1430; x_wconf 85' lang='lat' dir='ltr'>super</span> <span class='ocrx_word' id='word_1_135' title='bbox 1161 1372 1293 1414; x_wconf 88' lang='lat' dir='ltr'>certis</span> <span class='ocrx_word' id='word_1_136' title='bbox 1322 1380 1441 1414; x_wconf 91' lang='lat' dir='ltr'>certa</span> <span class='ocrx_word' id='word_1_137' title='bbox 1471 1372 1717 1430; x_wconf 91' lang='lat' dir='ltr'>responsio,</span> <span class='ocrx_word' id='word_1_138' title='bbox 1741 1387 1830 1415; x_wconf 89' lang='lat' dir='ltr'>non</span> 
     </span>
     <span class='ocr_line' id='line_1_18' title="bbox 338 1442 1766 1502; baseline -0.001 -15"><span class='ocrx_word' id='word_1_139' title='bbox 338 1445 498 1487; x_wconf 89' lang='lat' dir='ltr'>cadens</span> <span class='ocrx_word' id='word_1_140' title='bbox 520 1453 562 1487; x_wconf 92' lang='lat' dir='ltr'>et</span> <span class='ocrx_word' id='word_1_141' title='bbox 588 1445 809 1487; x_wconf 90' lang='lat' dir='ltr'>transiens</span> <span class='ocrx_word' id='word_1_142' title='bbox 837 1445 984 1487; x_wconf 90' lang='lat' dir='ltr'>statim</span> <span class='ocrx_word' id='word_1_143' title='bbox 1003 1444 1239 1486; x_wconf 90' lang='lat' dir='ltr'>verborum</span> <span class='ocrx_word' id='word_1_144' title='bbox 1261 1443 1465 1501; x_wconf 88' lang='lat' dir='ltr'>prolatio,</span> <span class='ocrx_word' id='word_1_145' title='bbox 1490 1442 1766 1502; x_wconf 89' lang='lat' dir='ltr'>prebeatur¹.</span> 
     </span>
    </p>
   </div>
   <div class='ocr_carea' id='block_1_5' title="bbox 331 1585 1829 2288">
    <p class='ocr_par' dir='ltr' id='par_1_5' title="bbox 331 1585 1829 2288">
     <span class='ocr_line' id='line_1_19' title="bbox 396 1585 1829 1645; baseline -0.001 -16"><span class='ocrx_word' id='word_1_146' title='bbox 396 1591 543 1641; x_wconf 87' lang='lat' dir='ltr'>[LV111]</span> <span class='ocrx_word' id='word_1_147' title='bbox 595 1585 676 1632; x_wconf 83' lang='grc'>99.</span> <span class='ocrx_word' id='word_1_148' title='bbox 724 1588 833 1629; x_wconf 90' lang='lat' dir='ltr'>Cum</span> <span class='ocrx_word' id='word_1_149' title='bbox 868 1586 984 1628; x_wconf 90' lang='lat' dir='ltr'>enim</span> <span class='ocrx_word' id='word_1_150' title='bbox 1024 1588 1203 1629; x_wconf 87' lang='lat' dir='ltr'>Terram</span> <span class='ocrx_word' id='word_1_151' title='bbox 1245 1588 1449 1629; x_wconf 88' lang='lat' dir='ltr'>Sanctam</span> <span class='ocrx_word' id='word_1_152' title='bbox 1488 1586 1689 1645; x_wconf 88' lang='lat' dir='ltr'>precioso</span> <span class='ocrx_word' id='word_1_153' title='bbox 1735 1602 1829 1628; x_wconf 89' lang='lat' dir='ltr'>san-</span> 
     </span>
     <span class='ocr_line' id='line_1_20' title="bbox 336 1658 1828 1717; baseline 0 -17"><span class='ocrx_word' id='word_1_154' title='bbox 336 1659 485 1717; x_wconf 82' lang='lat' dir='ltr'>guine,</span> <span class='ocrx_word' id='word_1_155' title='bbox 529 1659 738 1717; x_wconf 89' lang='lat' dir='ltr'>operibus</span> <span class='ocrx_word' id='word_1_156' title='bbox 779 1666 822 1700; x_wconf 93' lang='lat' dir='ltr'>et</span> <span class='ocrx_word' id='word_1_157' title='bbox 848 1658 1067 1716; x_wconf 88' lang='lat' dir='ltr'>corporali</span> <span class='ocrx_word' id='word_1_158' title='bbox 1098 1666 1302 1700; x_wconf 87' lang='lat' dir='ltr'>contactu</span> <span class='ocrx_word' id='word_1_159' title='bbox 1333 1658 1511 1700; x_wconf 91' lang='lat' dir='ltr'>Domini</span> <span class='ocrx_word' id='word_1_160' title='bbox 1548 1658 1688 1700; x_wconf 89' lang='lat' dir='ltr'>nostri</span> <span class='ocrx_word' id='word_1_161' title='bbox 1727 1659 1828 1701; x_wconf 91' lang='lat' dir='ltr'>Jesu</span> 
     </span>
     <span class='ocr_line' id='line_1_21' title="bbox 337 1729 1827 1787; baseline -0.001 -15"><span class='ocrx_word' id='word_1_162' title='bbox 337 1730 502 1772; x_wconf 90' lang='lat' dir='ltr'>Christi</span> <span class='ocrx_word' id='word_1_163' title='bbox 524 1730 836 1772; x_wconf 88' lang='lat' dir='ltr'>sanctificatam</span> <span class='ocrx_word' id='word_1_164' title='bbox 865 1737 907 1771; x_wconf 93' lang='lat' dir='ltr'>et</span> <span class='ocrx_word' id='word_1_165' title='bbox 937 1729 1196 1780; x_wconf 83' lang='lat' dir='ltr'>dedicatam,</span> <span class='ocrx_word' id='word_1_166' title='bbox 1230 1745 1308 1787; x_wconf 87' lang='lat' dir='ltr'>pre</span> <span class='ocrx_word' id='word_1_167' title='bbox 1335 1729 1493 1771; x_wconf 90' lang='lat' dir='ltr'>ceteris</span> <span class='ocrx_word' id='word_1_168' title='bbox 1517 1730 1722 1771; x_wconf 90' lang='lat' dir='ltr'>omnibus</span> <span class='ocrx_word' id='word_1_169' title='bbox 1751 1729 1827 1772; x_wconf 92' lang='lat' dir='ltr'>de-</span> 
     </span>
     <span class='ocr_line' id='line_1_22' title="bbox 335 1801 1827 1860; baseline -0.001 -17"><span class='ocrx_word' id='word_1_170' title='bbox 335 1810 430 1844; x_wconf 88' lang='lat' dir='ltr'>ceat</span> <span class='ocrx_word' id='word_1_171' title='bbox 456 1818 552 1844; x_wconf 92' lang='lat' dir='ltr'>esse</span> <span class='ocrx_word' id='word_1_172' title='bbox 579 1801 820 1860; x_wconf 86' lang='lat' dir='ltr'>pacificam,</span> <span class='ocrx_word' id='word_1_173' title='bbox 846 1801 1053 1859; x_wconf 86' lang='lat' dir='ltr'>quoniam</span> <span class='ocrx_word' id='word_1_174' title='bbox 1072 1817 1176 1860; x_wconf 86' lang='lat' dir='ltr'>rege</span> <span class='ocrx_word' id='word_1_175' title='bbox 1197 1801 1396 1858; x_wconf 86' lang='lat' dir='ltr'>pacifico,</span> <span class='ocrx_word' id='word_1_176' title='bbox 1423 1801 1498 1859; x_wconf 93' lang='lat' dir='ltr'>qui</span> <span class='ocrx_word' id='word_1_177' title='bbox 1519 1801 1659 1842; x_wconf 92' lang='lat' dir='ltr'>solum</span> <span class='ocrx_word' id='word_1_178' title='bbox 1675 1817 1827 1858; x_wconf 87' lang='lat' dir='ltr'>pacem</span> 
     </span>
     <span class='ocr_line' id='line_1_23' title="bbox 335 1872 1827 1931; baseline -0.001 -16"><span class='ocrx_word' id='word_1_179' title='bbox 335 1873 423 1915; x_wconf 90' lang='lat' dir='ltr'>suis</span> <span class='ocrx_word' id='word_1_180' title='bbox 452 1872 681 1930; x_wconf 89' lang='lat' dir='ltr'>discipulis</span> <span class='ocrx_word' id='word_1_181' title='bbox 702 1880 745 1914; x_wconf 90' lang='lat' dir='ltr'>et</span> <span class='ocrx_word' id='word_1_182' title='bbox 767 1872 974 1914; x_wconf 88' lang='lat' dir='ltr'>fratribus</span> <span class='ocrx_word' id='word_1_183' title='bbox 997 1873 1135 1915; x_wconf 88' lang='lat' dir='ltr'>fertur</span> <span class='ocrx_word' id='word_1_184' title='bbox 1156 1872 1405 1930; x_wconf 88' lang='lat' dir='ltr'>reliquisse,</span> <span class='ocrx_word' id='word_1_185' title='bbox 1432 1873 1568 1931; x_wconf 84' lang='lat' dir='ltr'>magis</span> <span class='ocrx_word' id='word_1_186' title='bbox 1585 1872 1827 1930; x_wconf 87' lang='lat' dir='ltr'>proximam</span> 
     </span>
     <span class='ocr_line' id='line_1_24' title="bbox 333 1943 1827 2003; baseline -0.001 -17"><span class='ocrx_word' id='word_1_187' title='bbox 333 1945 559 2003; x_wconf 86' lang='lat' dir='ltr'>magisque</span> <span class='ocrx_word' id='word_1_188' title='bbox 582 1944 801 1994; x_wconf 89' lang='lat' dir='ltr'>dilectam,</span> <span class='ocrx_word' id='word_1_189' title='bbox 833 1960 999 1986; x_wconf 89' lang='lat' dir='ltr'>summe</span> <span class='ocrx_word' id='word_1_190' title='bbox 1019 1944 1192 1986; x_wconf 88' lang='lat' dir='ltr'>videtur</span> <span class='ocrx_word' id='word_1_191' title='bbox 1208 1943 1447 2002; x_wconf 86' lang='lat' dir='ltr'>expediens</span> <span class='ocrx_word' id='word_1_192' title='bbox 1470 1943 1604 2001; x_wconf 88' lang='lat' dir='ltr'>quod,</span> <span class='ocrx_word' id='word_1_193' title='bbox 1629 1959 1726 1986; x_wconf 91' lang='lat' dir='ltr'>cum</span> <span class='ocrx_word' id='word_1_194' title='bbox 1747 1959 1827 2002; x_wconf 89' lang='lat' dir='ltr'>per</span> 
     </span>
     <span class='ocr_line' id='line_1_25' title="bbox 334 2015 1827 2074; baseline 0 -17"><span class='ocrx_word' id='word_1_195' title='bbox 334 2016 471 2074; x_wconf 88' lang='lat' dir='ltr'>ipsius</span> <span class='ocrx_word' id='word_1_196' title='bbox 501 2015 739 2059; x_wconf 86' lang='lat' dir='ltr'>Salvatoris</span> <span class='ocrx_word' id='word_1_197' title='bbox 765 2016 957 2074; x_wconf 85' lang='lat' dir='ltr'>graciam</span> <span class='ocrx_word' id='word_1_198' title='bbox 979 2024 1022 2058; x_wconf 88' lang='lat' dir='ltr'>et</span> <span class='ocrx_word' id='word_1_199' title='bbox 1040 2015 1387 2058; x_wconf 89' lang='lat' dir='ltr'>misericordiam</span> <span class='ocrx_word' id='word_1_200' title='bbox 1403 2015 1593 2057; x_wconf 89' lang='lat' dir='ltr'>cessabit</span> <span class='ocrx_word' id='word_1_201' title='bbox 1609 2015 1654 2057; x_wconf 92' lang='lat' dir='ltr'>in</span> <span class='ocrx_word' id='word_1_202' title='bbox 1675 2015 1827 2058; x_wconf 87' lang='lat' dir='ltr'>eadem</span> 
     </span>
     <span class='ocr_line' id='line_1_26' title="bbox 331 2086 1822 2145; baseline -0.001 -16"><span class='ocrx_word' id='word_1_203' title='bbox 331 2096 450 2129; x_wconf 87' lang='lat' dir='ltr'>terra</span> <span class='ocrx_word' id='word_1_204' title='bbox 478 2103 644 2129; x_wconf 88' lang='lat' dir='ltr'>summa</span> <span class='ocrx_word' id='word_1_205' title='bbox 670 2103 929 2145; x_wconf 84' lang='lat' dir='ltr'>guerrarum</span> <span class='ocrx_word' id='word_1_206' title='bbox 957 2087 1194 2138; x_wconf 89' lang='lat' dir='ltr'>discordia,</span> <span class='ocrx_word' id='word_1_207' title='bbox 1225 2095 1267 2129; x_wconf 90' lang='lat' dir='ltr'>et</span> <span class='ocrx_word' id='word_1_208' title='bbox 1288 2087 1418 2129; x_wconf 90' lang='lat' dir='ltr'>etiam</span> <span class='ocrx_word' id='word_1_209' title='bbox 1440 2102 1598 2145; x_wconf 85' lang='lat' dir='ltr'>guerra</span> <span class='ocrx_word' id='word_1_210' title='bbox 1621 2086 1822 2137; x_wconf 89' lang='lat' dir='ltr'>durante,</span> 
     </span>
     <span class='ocr_line' id='line_1_27' title="bbox 333 2157 1821 2216; baseline -0.001 -16"><span class='ocrx_word' id='word_1_211' title='bbox 333 2158 649 2200; x_wconf 88' lang='lat' dir='ltr'>catholicorum</span> <span class='ocrx_word' id='word_1_212' title='bbox 688 2158 829 2216; x_wconf 87' lang='lat' dir='ltr'>ipsam</span> <span class='ocrx_word' id='word_1_213' title='bbox 866 2159 1158 2200; x_wconf 85' lang='lat' dir='ltr'>habitantium</span> <span class='ocrx_word' id='word_1_214' title='bbox 1194 2157 1415 2200; x_wconf 87' lang='lat' dir='ltr'>discordie</span> <span class='ocrx_word' id='word_1_215' title='bbox 1445 2158 1574 2200; x_wconf 90' lang='lat' dir='ltr'>modo</span> <span class='ocrx_word' id='word_1_216' title='bbox 1605 2157 1821 2216; x_wconf 86' lang='lat' dir='ltr'>predicto,</span> 
     </span>
     <span class='ocr_line' id='line_1_28' title="bbox 332 2229 1819 2288; baseline 0.001 -17"><span class='ocrx_word' id='word_1_217' title='bbox 332 2246 407 2272; x_wconf 91' lang='lat' dir='ltr'>seu</span> <span class='ocrx_word' id='word_1_218' title='bbox 430 2230 514 2272; x_wconf 89' lang='lat' dir='ltr'>alio</span> <span class='ocrx_word' id='word_1_219' title='bbox 536 2231 680 2272; x_wconf 89' lang='lat' dir='ltr'>minus</span> <span class='ocrx_word' id='word_1_220' title='bbox 701 2230 922 2272; x_wconf 88' lang='lat' dir='ltr'>honeroso</span> <span class='ocrx_word' id='word_1_221' title='bbox 945 2237 987 2271; x_wconf 90' lang='lat' dir='ltr'>et</span> <span class='ocrx_word' id='word_1_222' title='bbox 1009 2229 1250 2288; x_wconf 89' lang='lat' dir='ltr'>dampnoso</span> <span class='ocrx_word' id='word_1_223' title='bbox 1272 2229 1568 2287; x_wconf 86' lang='lat' dir='ltr'>breviorique,</span> <span class='ocrx_word' id='word_1_224' title='bbox 1593 2229 1819 2272; x_wconf 85' lang='lat' dir='ltr'>tollantur.</span> 
     </span>
    </p>
   </div>
   <div class='ocr_carea' id='block_1_6' title="bbox 329 2435 1820 2862">
    <p class='ocr_par' dir='ltr' id='par_1_6' title="bbox 329 2435 1820 2862">
     <span class='ocr_line' id='line_1_29' title="bbox 379 2435 1820 2482; baseline -0.001 -12"><span class='ocrx_word' id='word_1_225' title='bbox 379 2438 410 2470; x_wconf 87' lang='lat'>1.</span> <span class='ocrx_word' id='word_1_226' title='bbox 440 2436 588 2470; x_wconf 83' lang='lat' dir='ltr'>Dubois</span> <span class='ocrx_word' id='word_1_227' title='bbox 609 2448 763 2482; x_wconf 86' lang='lat' dir='ltr'>marquc</span> <span class='ocrx_word' id='word_1_228' title='bbox 792 2437 885 2470; x_wconf 91' lang='lat' dir='ltr'>dans</span> <span class='ocrx_word' id='word_1_229' title='bbox 912 2441 998 2470; x_wconf 72' lang='lat' dir='ltr'>tous</span> <span class='ocrx_word' id='word_1_230' title='bbox 1027 2448 1087 2470; x_wconf 88' lang='lat' dir='ltr'>ses</span> <span class='ocrx_word' id='word_1_231' title='bbox 1116 2447 1302 2480; x_wconf 85' lang='lat' dir='ltr'>ouvrages</span> <span class='ocrx_word' id='word_1_232' title='bbox 1336 2447 1374 2469; x_wconf 89' lang='lat' dir='ltr'>sa</span> <span class='ocrx_word' id='word_1_233' title='bbox 1409 2435 1627 2481; x_wconf 75' lang='lat' dir='ltr'>preference</span> <span class='ocrx_word' id='word_1_234' title='bbox 1660 2447 1756 2481; x_wconf 90' lang='lat' dir='ltr'>pour</span> <span class='ocrx_word' id='word_1_235' title='bbox 1786 2435 1820 2469; x_wconf 90' lang='lat' dir='ltr'>la</span> 
     </span>
     <span class='ocr_line' id='line_1_30' title="bbox 330 2483 1820 2530; baseline -0.001 -13"><span class='ocrx_word' id='word_1_236' title='bbox 330 2485 539 2530; x_wconf 74' lang='lat' dir='ltr'>procedure</span> <span class='ocrx_word' id='word_1_237' title='bbox 562 2484 687 2518; x_wconf 76' lang='lat' dir='ltr'>ecrite.</span> <span class='ocrx_word' id='word_1_238' title='bbox 713 2484 816 2517; x_wconf 88' lang='lat' dir='ltr'>Dans</span> <span class='ocrx_word' id='word_1_239' title='bbox 838 2485 871 2518; x_wconf 88' lang='lat' dir='ltr'>le</span> <span class='ocrx_word' id='word_1_240' title='bbox 892 2486 942 2517; x_wconf 85' lang='lat' dir='ltr'>De</span> <span class='ocrx_word' id='word_1_241' title='bbox 961 2483 1211 2518; x_wconf 73' lang='lat' dir='ltr'>abreviatione</span> <span class='ocrx_word' id='word_1_242' title='bbox 1234 2483 1316 2528; x_wconf 87' lang='lat' dir='ltr'>(fol.</span> <span class='ocrx_word' id='word_1_243' title='bbox 1340 2483 1411 2528; x_wconf 85' lang='lat'>28),</span> <span class='ocrx_word' id='word_1_244' title='bbox 1436 2483 1462 2517; x_wconf 91' lang='lat' dir='ltr'>il</span> <span class='ocrx_word' id='word_1_245' title='bbox 1478 2483 1660 2517; x_wconf 89' lang='lat' dir='ltr'>demande</span> <span class='ocrx_word' id='word_1_246' title='bbox 1678 2495 1749 2528; x_wconf 89' lang='lat' dir='ltr'>que</span> <span class='ocrx_word' id='word_1_247' title='bbox 1765 2483 1820 2516; x_wconf 84' lang='lat' dir='ltr'>les</span> 
     </span>
     <span class='ocr_line' id='line_1_31' title="bbox 330 2530 1816 2577; baseline -0.001 -12"><span class='ocrx_word' id='word_1_248' title='bbox 330 2531 542 2577; x_wconf 79' lang='lat' dir='ltr'>objections</span> <span class='ocrx_word' id='word_1_249' title='bbox 564 2531 676 2577; x_wconf 83' lang='lat' dir='ltr'>qu’on</span> <span class='ocrx_word' id='word_1_250' title='bbox 699 2543 839 2577; x_wconf 87' lang='lat' dir='ltr'>pourra</span> <span class='ocrx_word' id='word_1_251' title='bbox 861 2531 953 2565; x_wconf 87' lang='lat' dir='ltr'>faire</span> <span class='ocrx_word' id='word_1_252' title='bbox 975 2532 994 2564; x_wconf 62' lang='lat' dir='ltr'>ii</span> <span class='ocrx_word' id='word_1_253' title='bbox 1017 2543 1077 2564; x_wconf 89' lang='lat' dir='ltr'>ses</span> <span class='ocrx_word' id='word_1_254' title='bbox 1096 2532 1240 2577; x_wconf 85' lang='lat' dir='ltr'>projets</span> <span class='ocrx_word' id='word_1_255' title='bbox 1261 2531 1383 2564; x_wconf 78' lang='lat' dir='ltr'>soient</span> <span class='ocrx_word' id='word_1_256' title='bbox 1405 2531 1588 2565; x_wconf 88' lang='lat' dir='ltr'>couche&#39;es</span> <span class='ocrx_word' id='word_1_257' title='bbox 1612 2542 1679 2575; x_wconf 86' lang='lat' dir='ltr'>par</span> <span class='ocrx_word' id='word_1_258' title='bbox 1700 2530 1816 2570; x_wconf 79' lang='lat' dir='ltr'>ecrit;</span> 
     </span>
     <span class='ocr_line' id='line_1_32' title="bbox 330 2577 1819 2624; baseline -0.001 -12"><span class='ocrx_word' id='word_1_259' title='bbox 330 2579 422 2613; x_wconf 88' lang='lat' dir='ltr'>elles</span> <span class='ocrx_word' id='word_1_260' title='bbox 446 2584 576 2612; x_wconf 87' lang='lat' dir='ltr'>seront</span> <span class='ocrx_word' id='word_1_261' title='bbox 597 2578 693 2612; x_wconf 89' lang='lat' dir='ltr'>ainsi</span> <span class='ocrx_word' id='word_1_262' title='bbox 717 2579 801 2624; x_wconf 87' lang='lat' dir='ltr'>plus</span> <span class='ocrx_word' id='word_1_263' title='bbox 825 2578 1058 2624; x_wconf 80' lang='lat' dir='ltr'>pertinentes</span> <span class='ocrx_word' id='word_1_264' title='bbox 1080 2585 1115 2612; x_wconf 88' lang='lat' dir='ltr'>et</span> <span class='ocrx_word' id='word_1_265' title='bbox 1133 2578 1158 2612; x_wconf 93' lang='lat' dir='ltr'>il</span> <span class='ocrx_word' id='word_1_266' title='bbox 1184 2590 1207 2624; x_wconf 82' lang='lat' dir='ltr'>y</span> <span class='ocrx_word' id='word_1_267' title='bbox 1234 2579 1422 2624; x_wconf 76' lang='lat' dir='ltr'>rependi-a</span> <span class='ocrx_word' id='word_1_268' title='bbox 1446 2578 1567 2612; x_wconf 81' lang='lat' dir='ltr'>inieux</span> <span class='ocrx_word' id='word_1_269' title='bbox 1591 2590 1597 2611; x_wconf 87' lang='lat'><strong>:</strong></span> <span class='ocrx_word' id='word_1_270' title='bbox 1635 2591 1652 2610; x_wconf 88' lang='lat'>«</span> <span class='ocrx_word' id='word_1_271' title='bbox 1676 2577 1714 2610; x_wconf 89' lang='lat' dir='ltr'>Si</span> <span class='ocrx_word' id='word_1_272' title='bbox 1734 2577 1819 2623; x_wconf 86' lang='lat' dir='ltr'>quis</span> 
     </span>
     <span class='ocr_line' id='line_1_33' title="bbox 330 2623 1817 2672; baseline -0.001 -12"><span class='ocrx_word' id='word_1_273' title='bbox 330 2633 453 2661; x_wconf 81' lang='lat' dir='ltr'>autem</span> <span class='ocrx_word' id='word_1_274' title='bbox 475 2638 635 2672; x_wconf 87' lang='lat' dir='ltr'>presens</span> <span class='ocrx_word' id='word_1_275' title='bbox 656 2626 879 2671; x_wconf 88' lang='lat' dir='ltr'>opusculum</span> <span class='ocrx_word' id='word_1_276' title='bbox 903 2626 940 2659; x_wconf 89' lang='lat' dir='ltr'>in</span> <span class='ocrx_word' id='word_1_277' title='bbox 960 2631 1078 2660; x_wconf 84' lang='lat' dir='ltr'>totum</span> <span class='ocrx_word' id='word_1_278' title='bbox 1104 2626 1161 2659; x_wconf 85' lang='lat' dir='ltr'>vel</span> <span class='ocrx_word' id='word_1_279' title='bbox 1184 2638 1252 2671; x_wconf 88' lang='lat' dir='ltr'>pro</span> <span class='ocrx_word' id='word_1_280' title='bbox 1281 2632 1387 2671; x_wconf 86' lang='lat' dir='ltr'>parte</span> <span class='ocrx_word' id='word_1_281' title='bbox 1416 2626 1564 2659; x_wconf 84' lang='lat' dir='ltr'>studeat</span> <span class='ocrx_word' id='word_1_282' title='bbox 1596 2623 1817 2670; x_wconf 85' lang='lat' dir='ltr'>reprobare,</span> 
     </span>
     <span class='ocr_line' id='line_1_34' title="bbox 330 2672 1820 2720; baseline 0 -13"><span class='ocrx_word' id='word_1_283' title='bbox 330 2675 476 2720; x_wconf 88' lang='lat' dir='ltr'>placeat</span> <span class='ocrx_word' id='word_1_284' title='bbox 493 2674 597 2719; x_wconf 81' lang='lat' dir='ltr'>regie</span> <span class='ocrx_word' id='word_1_285' title='bbox 619 2674 806 2719; x_wconf 86' lang='lat' dir='ltr'>majestati</span> <span class='ocrx_word' id='word_1_286' title='bbox 828 2674 940 2719; x_wconf 90' lang='lat' dir='ltr'>quod,</span> <span class='ocrx_word' id='word_1_287' title='bbox 966 2686 1012 2707; x_wconf 90' lang='lat' dir='ltr'>ne</span> <span class='ocrx_word' id='word_1_288' title='bbox 1035 2674 1083 2707; x_wconf 85' lang='lat' dir='ltr'>sit</span> <span class='ocrx_word' id='word_1_289' title='bbox 1103 2674 1210 2707; x_wconf 88' lang='lat' dir='ltr'>locus</span> <span class='ocrx_word' id='word_1_290' title='bbox 1230 2673 1437 2707; x_wconf 74' lang='lat' dir='ltr'>vai-iacioni</span> <span class='ocrx_word' id='word_1_291' title='bbox 1467 2672 1681 2712; x_wconf 87' lang='lat' dir='ltr'>verborum,</span> <span class='ocrx_word' id='word_1_292' title='bbox 1706 2685 1820 2707; x_wconf 82' lang='lat' dir='ltr'>causa</span> 
     </span>
     <span class='ocr_line' id='line_1_35' title="bbox 330 2720 1820 2767; baseline -0.001 -12"><span class='ocrx_word' id='word_1_293' title='bbox 330 2720 563 2767; x_wconf 88' lang='lat' dir='ltr'>reprobandi</span> <span class='ocrx_word' id='word_1_294' title='bbox 583 2721 784 2762; x_wconf 83' lang='lat' dir='ltr'>scribatur,</span> <span class='ocrx_word' id='word_1_295' title='bbox 803 2727 842 2754; x_wconf 86' lang='lat' dir='ltr'>ut</span> <span class='ocrx_word' id='word_1_296' title='bbox 862 2727 1005 2761; x_wconf 86' lang='lat' dir='ltr'>auctor,</span> <span class='ocrx_word' id='word_1_297' title='bbox 1028 2721 1091 2767; x_wconf 89' lang='lat' dir='ltr'>qui</span> <span class='ocrx_word' id='word_1_298' title='bbox 1109 2734 1216 2755; x_wconf 90' lang='lat' dir='ltr'>suum</span> <span class='ocrx_word' id='word_1_299' title='bbox 1235 2734 1332 2767; x_wconf 90' lang='lat' dir='ltr'>opus</span> <span class='ocrx_word' id='word_1_300' title='bbox 1351 2720 1487 2766; x_wconf 87' lang='lat' dir='ltr'>diligit,</span> <span class='ocrx_word' id='word_1_301' title='bbox 1503 2720 1548 2753; x_wconf 88' lang='lat' dir='ltr'>ad</span> <span class='ocrx_word' id='word_1_302' title='bbox 1564 2726 1665 2754; x_wconf 80' lang='lat' dir='ltr'>certa</span> <span class='ocrx_word' id='word_1_303' title='bbox 1678 2725 1820 2754; x_wconf 85' lang='lat' dir='ltr'>certum</span> 
     </span>
     <span class='ocr_line' id='line_1_36' title="bbox 330 2767 1817 2815; baseline 0 -13"><span class='ocrx_word' id='word_1_304' title='bbox 330 2769 420 2815; x_wconf 89' lang='lat' dir='ltr'>quid</span> <span class='ocrx_word' id='word_1_305' title='bbox 442 2769 694 2815; x_wconf 86' lang='lat' dir='ltr'>respondens,</span> <span class='ocrx_word' id='word_1_306' title='bbox 725 2769 826 2815; x_wconf 90' lang='lat' dir='ltr'>quod</span> <span class='ocrx_word' id='word_1_307' title='bbox 860 2768 947 2802; x_wconf 85' lang='lat' dir='ltr'>fecit</span> <span class='ocrx_word' id='word_1_308' title='bbox 978 2769 1111 2809; x_wconf 84' lang='lat' dir='ltr'>valeat,</span> <span class='ocrx_word' id='word_1_309' title='bbox 1146 2781 1223 2803; x_wconf 88' lang='lat' dir='ltr'>non</span> <span class='ocrx_word' id='word_1_310' title='bbox 1256 2767 1498 2803; x_wconf 82' lang='lat' dir='ltr'>obstantibus</span> <span class='ocrx_word' id='word_1_311' title='bbox 1532 2767 1817 2813; x_wconf 86' lang='lat' dir='ltr'>argucionibus,</span> 
     </span>
     <span class='ocr_line' id='line_1_37' title="bbox 329 2816 1645 2862; baseline -0.002 -12"><span class='ocrx_word' id='word_1_312' title='bbox 329 2817 554 2851; x_wconf 84' lang='lat' dir='ltr'>confirmare</span> <span class='ocrx_word' id='word_1_313' title='bbox 578 2821 613 2850; x_wconf 84' lang='lat' dir='ltr'>et</span> <span class='ocrx_word' id='word_1_314' title='bbox 635 2816 893 2851; x_wconf 84' lang='lat' dir='ltr'>cavillationes</span> <span class='ocrx_word' id='word_1_315' title='bbox 914 2816 1150 2862; x_wconf 85' lang='lat' dir='ltr'>impugnare.</span> <span class='ocrx_word' id='word_1_316' title='bbox 1174 2829 1192 2850; x_wconf 88' lang='lat'>»</span> <span class='ocrx_word' id='word_1_317' title='bbox 1233 2816 1291 2851; x_wconf 83' lang='lat' dir='ltr'>Cf.</span> <span class='ocrx_word' id='word_1_318' title='bbox 1315 2816 1505 2850; x_wconf 86' lang='lat' dir='ltr'>ci-dessus</span> <span class='ocrx_word' id='word_1_319' title='bbox 1526 2828 1563 2861; x_wconf 87' lang='lat' dir='ltr'>p.</span> <span class='ocrx_word' id='word_1_320' title='bbox 1587 2816 1645 2850; x_wconf 89' lang='lat'>39.</span> 
     </span>
    </p>
   </div>
  </div>
 </body>
</html>
