<?xml version="1.0" encoding="UTF-8"?>
<!DOCTYPE html PUBLIC "-//W3C//DTD XHTML 1.0 Transitional//EN"
    "http://www.w3.org/TR/xhtml1/DTD/xhtml1-transitional.dtd">
<html xmlns="http://www.w3.org/1999/xhtml" xml:lang="en" lang="en">
 <head>
  <title>
</title>
<meta http-equiv="Content-Type" content="text/html;charset=utf-8" />
  <meta name='ocr-system' content='tesseract 3.04.00' />
  <meta name='ocr-capabilities' content='ocr_page ocr_carea ocr_par ocr_line ocrx_word'/>
</head>
<body>
  <div class='ocr_page' id='page_1' title='image "./derecuperationet00dubouoft_0159.png"; bbox 0 0 1942 3242; ppageno 0'>
   <div class='ocr_carea' id='block_1_1' title="bbox 680 509 1191 570">
    <p class='ocr_par' dir='ltr' id='par_1_1' title="bbox 680 509 1191 570">
     <span class='ocr_line' id='line_1_1' title="bbox 680 509 1191 570; baseline 0 -1"><span class='ocrx_word' id='word_1_1' title='bbox 680 509 1191 570; x_wconf 84' lang='lat' dir='ltr'><strong>APPENDICE¹</strong></span> 
     </span>
    </p>
   </div>
   <div class='ocr_carea' id='block_1_2' title="bbox 189 711 1686 907">
    <p class='ocr_par' dir='ltr' id='par_1_2' title="bbox 189 711 1686 907">
     <span class='ocr_line' id='line_1_2' title="bbox 189 711 1685 767; baseline -0.002 -12"><span class='ocrx_word' id='word_1_2' title='bbox 189 713 392 767; x_wconf 69' lang='lat' dir='ltr'><strong>[omnmo</strong></span> <span class='ocrx_word' id='word_1_3' title='bbox 433 726 650 753; x_wconf 73' lang='lat' dir='ltr'><strong>cususnAM</strong></span> <span class='ocrx_word' id='word_1_4' title='bbox 694 725 924 752; x_wconf 65' lang='lat' dir='ltr'><strong>summus</strong></span> <span class='ocrx_word' id='word_1_5' title='bbox 963 726 1062 752; x_wconf 76' lang='lat' dir='ltr'><strong>unci</strong></span> <span class='ocrx_word' id='word_1_6' title='bbox 1095 711 1284 753; x_wconf 63' lang='lat' dir='ltr'><strong>ancm</strong></span> <span class='ocrx_word' id='word_1_7' title='bbox 1318 726 1372 752; x_wconf 80' lang='grc' dir='ltr'><strong>υτ</strong></span> <span class='ocrx_word' id='word_1_8' title='bbox 1406 726 1580 752; x_wconf 80' lang='lat' dir='ltr'><strong>REGNUM</strong></span> <span class='ocrx_word' id='word_1_9' title='bbox 1613 711 1685 753; x_wconf 77' lang='grc' dir='ltr'>,ΙΕ-</span> 
     </span>
     <span class='ocr_line' id='line_1_3' title="bbox 250 781 1686 831; baseline -0.001 -6"><span class='ocrx_word' id='word_1_10' title='bbox 250 798 604 826; x_wconf 71' lang='grc' dir='ltr'>κοεοιιΜιτΑΝυΜ</span> <span class='ocrx_word' id='word_1_11' title='bbox 637 797 689 823; x_wconf 79' lang='grc' dir='ltr'><strong>ΕΤ</strong></span> <span class='ocrx_word' id='word_1_12' title='bbox 723 781 846 823; x_wconf 70' lang='lat' dir='ltr'><strong>Cwm</strong></span> <span class='ocrx_word' id='word_1_13' title='bbox 880 797 1147 831; x_wconf 76' lang='lat' dir='ltr'><strong>ACQUIRERET</strong></span> <span class='ocrx_word' id='word_1_14' title='bbox 1174 798 1254 824; x_wconf 69' lang='lat' dir='ltr'><strong>pao</strong></span> <span class='ocrx_word' id='word_1_15' title='bbox 1281 797 1445 824; x_wconf 71' lang='lat' dir='ltr'><strong>Ammo</strong></span> <span class='ocrx_word' id='word_1_16' title='bbox 1479 798 1686 824; x_wconf 75' lang='lat' dir='ltr'><strong>mmmmm</strong></span> 
     </span>
     <span class='ocr_line' id='line_1_4' title="bbox 250 851 1273 907; baseline -0.002 -10"><span class='ocrx_word' id='word_1_17' title='bbox 250 870 438 904; x_wconf 77' lang='lat' dir='ltr'><strong>suomm,</strong></span> <span class='ocrx_word' id='word_1_18' title='bbox 474 869 522 895; x_wconf 61' lang='lat' dir='ltr'><strong>Ac</strong></span> <span class='ocrx_word' id='word_1_19' title='bbox 555 852 866 896; x_wconf 56' lang='lat' dir='ltr'><strong>nss&#39;mvflisxoivss</strong></span> <span class='ocrx_word' id='word_1_20' title='bbox 901 869 1028 895; x_wconf 77' lang='lat' dir='ltr'>REGNI</span> <span class='ocrx_word' id='word_1_21' title='bbox 1062 851 1273 907; x_wconf 59' lang='lat' dir='ltr'><strong>Ecum-1²]</strong></span> 
     </span>
    </p>
   </div>
   <div class='ocr_carea' id='block_1_3' title="bbox 195 1017 1695 1719">
    <p class='ocr_par' dir='ltr' id='par_1_3' title="bbox 195 1017 1695 1719">
     <span class='ocr_line' id='line_1_5' title="bbox 256 1017 1688 1076; baseline -0.002 -12"><span class='ocrx_word' id='word_1_22' title='bbox 256 1019 302 1064; x_wconf 88' lang='lat' dir='ltr'><strong>l.</strong></span> <span class='ocrx_word' id='word_1_23' title='bbox 341 1018 575 1074; x_wconf 86' lang='lat' dir='ltr'><strong>Quoniam,</strong></span> <span class='ocrx_word' id='word_1_24' title='bbox 602 1026 651 1060; x_wconf 85' lang='lat' dir='ltr'><strong>ut</strong></span> <span class='ocrx_word' id='word_1_25' title='bbox 685 1018 745 1060; x_wconf 90' lang='lat' dir='ltr'><strong>ait</strong></span> <span class='ocrx_word' id='word_1_26' title='bbox 771 1017 1027 1076; x_wconf 83' lang='lat' dir='ltr'><strong>Apostolus,</strong></span> <span class='ocrx_word' id='word_1_27' title='bbox 1060 1019 1211 1061; x_wconf 80' lang='lat' dir='ltr'><strong>Omnis</strong></span> <span class='ocrx_word' id='word_1_28' title='bbox 1239 1019 1406 1062; x_wconf 76' lang='lat' dir='ltr'><em>Christi</em></span> <span class='ocrx_word' id='word_1_29' title='bbox 1437 1022 1551 1061; x_wconf 83' lang='lat' dir='ltr'><strong>actio</strong></span> <span class='ocrx_word' id='word_1_30' title='bbox 1587 1035 1688 1061; x_wconf 84' lang='lat' dir='ltr'><strong>nos-</strong></span> 
     </span>
     <span class='ocr_line' id='line_1_6' title="bbox 196 1091 1693 1149; baseline -0.001 -16"><span class='ocrx_word' id='word_1_31' title='bbox 196 1101 267 1134; x_wconf 87' lang='lat' dir='ltr'><strong>tra</strong></span> <span class='ocrx_word' id='word_1_32' title='bbox 294 1091 419 1133; x_wconf 86' lang='lat' dir='ltr'><strong>debet</strong></span> <span class='ocrx_word' id='word_1_33' title='bbox 440 1106 532 1132; x_wconf 82' lang='lat' dir='ltr'><strong>esse</strong></span> <span class='ocrx_word' id='word_1_34' title='bbox 558 1093 801 1143; x_wconf 81' lang='lat' dir='ltr'><strong>instructio,</strong></span> <span class='ocrx_word' id='word_1_35' title='bbox 827 1100 867 1132; x_wconf 82' lang='lat' dir='ltr'><strong>et</strong></span> <span class='ocrx_word' id='word_1_36' title='bbox 888 1094 1034 1132; x_wconf 79' lang='lat' dir='ltr'><strong>omnia</strong></span> <span class='ocrx_word' id='word_1_37' title='bbox 1055 1106 1311 1149; x_wconf 82' lang='lat' dir='ltr'><em>quecunque</em></span> <span class='ocrx_word' id='word_1_38' title='bbox 1330 1093 1492 1149; x_wconf 78' lang='lat' dir='ltr'><strong>scripta</strong></span> <span class='ocrx_word' id='word_1_39' title='bbox 1511 1101 1613 1133; x_wconf 80' lang='lat' dir='ltr'><strong>sunt</strong></span> <span class='ocrx_word' id='word_1_40' title='bbox 1633 1091 1693 1132; x_wconf 82' lang='lat' dir='ltr'><strong>acl</strong></span> 
     </span>
     <span class='ocr_line' id='line_1_7' title="bbox 195 1161 1690 1220; baseline -0.001 -16"><span class='ocrx_word' id='word_1_41' title='bbox 195 1172 392 1204; x_wconf 83' lang='lat' dir='ltr'><strong>nostram</strong></span> <span class='ocrx_word' id='word_1_42' title='bbox 421 1162 667 1203; x_wconf 84' lang='lat' dir='ltr'><em>doctrinam</em></span> <span class='ocrx_word' id='word_1_43' title='bbox 684 1165 849 1219; x_wconf 78' lang='lat' dir='ltr'><strong>scripta</strong></span> <span class='ocrx_word' id='word_1_44' title='bbox 875 1171 993 1213; x_wconf 76' lang='lat' dir='ltr'><strong>sunt,</strong></span> <span class='ocrx_word' id='word_1_45' title='bbox 1017 1161 1295 1203; x_wconf 84' lang='lat' dir='ltr'><strong>considerato</strong></span> <span class='ocrx_word' id='word_1_46' title='bbox 1323 1161 1442 1219; x_wconf 91' lang='lat' dir='ltr'><strong>quod</strong></span> <span class='ocrx_word' id='word_1_47' title='bbox 1469 1162 1513 1203; x_wconf 89' lang='lat' dir='ltr'><strong>in</strong></span> <span class='ocrx_word' id='word_1_48' title='bbox 1548 1162 1690 1220; x_wconf 85' lang='lat' dir='ltr'><strong>primo</strong></span> 
     </span>
     <span class='ocr_line' id='line_1_8' title="bbox 196 1232 1691 1292; baseline 0 -17"><span class='ocrx_word' id='word_1_49' title='bbox 196 1233 310 1280; x_wconf 85' lang='lat' dir='ltr'><strong>libro</strong></span> <span class='ocrx_word' id='word_1_50' title='bbox 339 1234 507 1291; x_wconf 87' lang='lat' dir='ltr'>Regum</span> <span class='ocrx_word' id='word_1_51' title='bbox 536 1233 724 1292; x_wconf 79' lang='lat' dir='ltr'><strong>legimus</strong></span> <span class='ocrx_word' id='word_1_52' title='bbox 753 1232 920 1290; x_wconf 91' lang='lat' dir='ltr'><strong>[quod],</strong></span> <span class='ocrx_word' id='word_1_53' title='bbox 953 1249 1049 1274; x_wconf 91' lang='lat' dir='ltr'><strong>cum</strong></span> <span class='ocrx_word' id='word_1_54' title='bbox 1078 1232 1268 1290; x_wconf 89' lang='lat' dir='ltr'><strong>populus</strong></span> <span class='ocrx_word' id='word_1_55' title='bbox 1295 1233 1576 1283; x_wconf 85' lang='lat' dir='ltr'><strong>israeliticus,</strong></span> <span class='ocrx_word' id='word_1_56' title='bbox 1613 1249 1691 1291; x_wconf 86' lang='lat' dir='ltr'><strong>pre</strong></span> 
     </span>
     <span class='ocr_line' id='line_1_9' title="bbox 197 1303 1692 1362; baseline 0 -16"><span class='ocrx_word' id='word_1_57' title='bbox 197 1303 356 1346; x_wconf 83' lang='lat' dir='ltr'><strong>ceteris</strong></span> <span class='ocrx_word' id='word_1_58' title='bbox 384 1305 479 1345; x_wconf 90' lang='lat' dir='ltr'><strong>Deo</strong></span> <span class='ocrx_word' id='word_1_59' title='bbox 508 1320 651 1353; x_wconf 85' lang='lat' dir='ltr'><strong>carus,</strong></span> <span class='ocrx_word' id='word_1_60' title='bbox 676 1319 824 1362; x_wconf 85' lang='lat' dir='ltr'><strong>regem</strong></span> <span class='ocrx_word' id='word_1_61' title='bbox 847 1304 900 1345; x_wconf 88' lang='lat' dir='ltr'><strong>ab</strong></span> <span class='ocrx_word' id='word_1_62' title='bbox 928 1303 1025 1361; x_wconf 87' lang='lat' dir='ltr'><strong>ipso</strong></span> <span class='ocrx_word' id='word_1_63' title='bbox 1057 1304 1140 1345; x_wconf 87' lang='lat' dir='ltr'><strong>sibi</strong></span> <span class='ocrx_word' id='word_1_64' title='bbox 1169 1303 1263 1345; x_wconf 87' lang='lat' dir='ltr'><strong>dari</strong></span> <span class='ocrx_word' id='word_1_65' title='bbox 1290 1304 1571 1361; x_wconf 80' lang='lat' dir='ltr'><strong>postulasset,</strong></span> <span class='ocrx_word' id='word_1_66' title='bbox 1597 1305 1692 1362; x_wconf 89' lang='lat' dir='ltr'><strong>ipse</strong></span> 
     </span>
     <span class='ocr_line' id='line_1_10' title="bbox 198 1375 1693 1434; baseline 0.001 -18"><span class='ocrx_word' id='word_1_67' title='bbox 198 1377 320 1417; x_wconf 92' lang='lat' dir='ltr'><strong>Deus</strong></span> <span class='ocrx_word' id='word_1_68' title='bbox 349 1375 471 1417; x_wconf 85' lang='lat' dir='ltr'><strong>dedit</strong></span> <span class='ocrx_word' id='word_1_69' title='bbox 493 1375 555 1417; x_wconf 89' lang='lat' dir='ltr'><strong>eis</strong></span> <span class='ocrx_word' id='word_1_70' title='bbox 578 1391 726 1434; x_wconf 84' lang='lat' dir='ltr'><strong>regem</strong></span> <span class='ocrx_word' id='word_1_71' title='bbox 755 1375 946 1425; x_wconf 78' lang='lat' dir='ltr'><strong>Sai&#39;ilem,</strong></span> <span class='ocrx_word' id='word_1_72' title='bbox 978 1375 1054 1433; x_wconf 90' lang='lat' dir='ltr'><strong>qui</strong></span> <span class='ocrx_word' id='word_1_73' title='bbox 1080 1375 1133 1416; x_wconf 84' lang='lat' dir='ltr'><strong>ab</strong></span> <span class='ocrx_word' id='word_1_74' title='bbox 1160 1375 1355 1417; x_wconf 78' lang='lat' dir='ltr'><strong>humeris</strong></span> <span class='ocrx_word' id='word_1_75' title='bbox 1383 1383 1426 1417; x_wconf 86' lang='lat' dir='ltr'><strong>et</strong></span> <span class='ocrx_word' id='word_1_76' title='bbox 1453 1392 1584 1434; x_wconf 86' lang='lat' dir='ltr'><strong>supra</strong></span> <span class='ocrx_word' id='word_1_77' title='bbox 1610 1376 1693 1417; x_wconf 84' lang='lat' dir='ltr'><strong>toti</strong></span> 
     </span>
     <span class='ocr_line' id='line_1_11' title="bbox 198 1446 1693 1505; baseline 0.001 -17"><span class='ocrx_word' id='word_1_78' title='bbox 198 1446 365 1505; x_wconf 88' lang='lat' dir='ltr'><strong>populo</strong></span> <span class='ocrx_word' id='word_1_79' title='bbox 388 1446 744 1504; x_wconf 80' lang='lat' dir='ltr'><strong>supereminebat</strong></span> <span class='ocrx_word' id='word_1_80' title='bbox 775 1463 905 1505; x_wconf 90' lang='lat' dir='ltr'><strong>quem</strong></span> <span class='ocrx_word' id='word_1_81' title='bbox 944 1446 1109 1488; x_wconf 81' lang='lat' dir='ltr'><strong>sciebat</strong></span> <span class='ocrx_word' id='word_1_82' title='bbox 1130 1447 1345 1489; x_wconf 91' lang='lat' dir='ltr'><strong>Dominus</strong></span> <span class='ocrx_word' id='word_1_83' title='bbox 1376 1447 1570 1489; x_wconf 89' lang='lat' dir='ltr'><strong>futurum</strong></span> <span class='ocrx_word' id='word_1_84' title='bbox 1597 1463 1693 1489; x_wconf 86' lang='lat' dir='ltr'><strong>esse</strong></span> 
     </span>
     <span class='ocr_line' id='line_1_12' title="bbox 199 1517 1693 1577; baseline 0.001 -18"><span class='ocrx_word' id='word_1_85' title='bbox 199 1534 287 1560; x_wconf 91' lang='lat' dir='ltr'><strong>non</strong></span> <span class='ocrx_word' id='word_1_86' title='bbox 329 1517 610 1559; x_wconf 83' lang='lat' dir='ltr'><strong>obedientem</strong></span> <span class='ocrx_word' id='word_1_87' title='bbox 645 1518 745 1567; x_wconf 87' lang='lat' dir='ltr'><strong>sibi,</strong></span> <span class='ocrx_word' id='word_1_88' title='bbox 776 1526 818 1560; x_wconf 88' lang='lat' dir='ltr'><strong>et</strong></span> <span class='ocrx_word' id='word_1_89' title='bbox 850 1517 1016 1560; x_wconf 86' lang='lat' dir='ltr'><strong>idcirco</strong></span> <span class='ocrx_word' id='word_1_90' title='bbox 1058 1518 1255 1577; x_wconf 84' lang='lat' dir='ltr'><strong>regimen</strong></span> <span class='ocrx_word' id='word_1_91' title='bbox 1291 1520 1384 1576; x_wconf 92' lang='lat' dir='ltr'><strong>ejus</strong></span> <span class='ocrx_word' id='word_1_92' title='bbox 1415 1518 1572 1560; x_wconf 85' lang='lat' dir='ltr'><strong>durare</strong></span> <span class='ocrx_word' id='word_1_93' title='bbox 1605 1535 1693 1560; x_wconf 92' lang='lat' dir='ltr'><strong>non</strong></span> 
     </span>
     <span class='ocr_line' id='line_1_13' title="bbox 199 1589 1695 1649; baseline 0 -19"><span class='ocrx_word' id='word_1_94' title='bbox 199 1605 346 1648; x_wconf 89' lang='lat' dir='ltr'><strong>posse,</strong></span> <span class='ocrx_word' id='word_1_95' title='bbox 372 1597 515 1630; x_wconf 88' lang='lat' dir='ltr'><strong>motus</strong></span> <span class='ocrx_word' id='word_1_96' title='bbox 544 1589 802 1648; x_wconf 84' lang='lat' dir='ltr'><strong>figuraliter,</strong></span> <span class='ocrx_word' id='word_1_97' title='bbox 832 1597 880 1630; x_wconf 90' lang='lat' dir='ltr'><strong>ut</strong></span> <span class='ocrx_word' id='word_1_98' title='bbox 900 1589 1088 1639; x_wconf 87' lang='lat' dir='ltr'><strong>videtur,</strong></span> <span class='ocrx_word' id='word_1_99' title='bbox 1114 1589 1168 1631; x_wconf 87' lang='lat' dir='ltr'><strong>ad</strong></span> <span class='ocrx_word' id='word_1_100' title='bbox 1194 1590 1337 1647; x_wconf 89' lang='lat' dir='ltr'><strong>ipsum</strong></span> <span class='ocrx_word' id='word_1_101' title='bbox 1365 1590 1618 1649; x_wconf 87' lang='lat' dir='ltr'><strong>eligendum</strong></span> <span class='ocrx_word' id='word_1_102' title='bbox 1648 1598 1695 1631; x_wconf 91' lang='lat' dir='ltr'><strong>ut</strong></span> 
     </span>
     <span class='ocr_line' id='line_1_14' title="bbox 201 1659 1694 1719; baseline 0 -16"><span class='ocrx_word' id='word_1_103' title='bbox 201 1660 450 1718; x_wconf 89' lang='lat' dir='ltr'><strong>exemplum</strong></span> <span class='ocrx_word' id='word_1_104' title='bbox 478 1660 541 1702; x_wconf 88' lang='lat' dir='ltr'><strong>sic</strong></span> <span class='ocrx_word' id='word_1_105' title='bbox 562 1659 751 1709; x_wconf 85' lang='lat' dir='ltr'><strong>faciendi</strong></span> <span class='ocrx_word' id='word_1_106' title='bbox 778 1660 906 1702; x_wconf 87' lang='lat' dir='ltr'><strong>nobis</strong></span> <span class='ocrx_word' id='word_1_107' title='bbox 929 1660 1067 1711; x_wconf 85' lang='lat' dir='ltr'><strong>daret,</strong></span> <span class='ocrx_word' id='word_1_108' title='bbox 1097 1661 1304 1703; x_wconf 87' lang='lat' dir='ltr'><strong>videlicet</strong></span> <span class='ocrx_word' id='word_1_109' title='bbox 1331 1661 1449 1719; x_wconf 92' lang='lat' dir='ltr'><strong>quod</strong></span> <span class='ocrx_word' id='word_1_110' title='bbox 1483 1678 1562 1703; x_wconf 90' lang='lat' dir='ltr'><strong>nos</strong></span> <span class='ocrx_word' id='word_1_111' title='bbox 1585 1661 1694 1703; x_wconf 87' lang='lat' dir='ltr'><strong>futu-</strong></span> 
     </span>
    </p>
   </div>
   <div class='ocr_carea' id='block_1_4' title="bbox 200 1726 1702 1791">
    <p class='ocr_par' dir='ltr' id='par_1_4' title="bbox 200 1726 1702 1791">
     <span class='ocr_line' id='line_1_15' title="bbox 200 1726 1702 1791; baseline 0.001 -18"><span class='ocrx_word' id='word_1_112' title='bbox 200 1747 272 1774; x_wconf 86' lang='lat' dir='ltr'><strong>ros</strong></span> <span class='ocrx_word' id='word_1_113' title='bbox 298 1731 525 1774; x_wconf 88' lang='lat' dir='ltr'><strong>hominum</strong></span> <span class='ocrx_word' id='word_1_114' title='bbox 554 1740 734 1774; x_wconf 87' lang='lat' dir='ltr'><strong>eventus</strong></span> <span class='ocrx_word' id='word_1_115' title='bbox 756 1732 1026 1791; x_wconf 81' lang='lat' dir='ltr'><strong>ignorantes,</strong></span> <span class='ocrx_word' id='word_1_116' title='bbox 1051 1732 1293 1774; x_wconf 87' lang='lat' dir='ltr'><strong>bonitatem</strong></span> <span class='ocrx_word' id='word_1_117' title='bbox 1309 1733 1574 1774; x_wconf 88' lang='lat' dir='ltr'><strong>eminentem</strong></span> <span class='ocrx_word' id='word_1_118' title='bbox 1597 1726 1702 1775; x_wconf 76' lang='lat' dir='ltr'><strong>con-¹</strong></span> 
     </span>
    </p>
   </div>
   <div class='ocr_carea' id='block_1_5' title="bbox 202 1802 1701 2431">
    <p class='ocr_par' dir='ltr' id='par_1_5' title="bbox 202 1802 1701 2431">
     <span class='ocr_line' id='line_1_16' title="bbox 202 1802 1698 1861; baseline 0.001 -17"><span class='ocrx_word' id='word_1_119' title='bbox 202 1802 462 1853; x_wconf 86' lang='lat' dir='ltr'><strong>siderantes,</strong></span> <span class='ocrx_word' id='word_1_120' title='bbox 493 1811 536 1844; x_wconf 92' lang='lat' dir='ltr'><strong>et</strong></span> <span class='ocrx_word' id='word_1_121' title='bbox 574 1802 760 1845; x_wconf 86' lang='lat' dir='ltr'><strong>latentes</strong></span> <span class='ocrx_word' id='word_1_122' title='bbox 793 1803 1012 1845; x_wconf 82' lang='lat' dir='ltr'><strong>bonitates</strong></span> <span class='ocrx_word' id='word_1_123' title='bbox 1046 1804 1117 1861; x_wconf 89' lang='lat' dir='ltr'><strong>pie</strong></span> <span class='ocrx_word' id='word_1_124' title='bbox 1154 1812 1476 1861; x_wconf 83' lang='lat' dir='ltr'><strong>presumentes,</strong></span> <span class='ocrx_word' id='word_1_125' title='bbox 1506 1805 1582 1846; x_wconf 90' lang='lat' dir='ltr'><strong>ubi</strong></span> <span class='ocrx_word' id='word_1_126' title='bbox 1621 1821 1698 1846; x_wconf 88' lang='lat' dir='ltr'><strong>rex</strong></span> 
     </span>
     <span class='ocr_line' id='line_1_17' title="bbox 202 1873 1697 1934; baseline 0.001 -19"><span class='ocrx_word' id='word_1_127' title='bbox 202 1881 268 1916; x_wconf 78' lang='lat' dir='ltr'><strong>est</strong></span> <span class='ocrx_word' id='word_1_128' title='bbox 296 1874 543 1933; x_wconf 79' lang='lat' dir='ltr'><strong>eligendu5‚</strong></span> <span class='ocrx_word' id='word_1_129' title='bbox 574 1873 760 1916; x_wconf 86' lang='lat' dir='ltr'><strong>similem</strong></span> <span class='ocrx_word' id='word_1_130' title='bbox 782 1873 835 1916; x_wconf 86' lang='lat' dir='ltr'><strong>ad</strong></span> <span class='ocrx_word' id='word_1_131' title='bbox 857 1890 1062 1933; x_wconf 85' lang='lat' dir='ltr'><strong>magnum</strong></span> <span class='ocrx_word' id='word_1_132' title='bbox 1082 1875 1309 1917; x_wconf 89' lang='lat' dir='ltr'><strong>Babilonis</strong></span> <span class='ocrx_word' id='word_1_133' title='bbox 1331 1883 1374 1917; x_wconf 89' lang='lat' dir='ltr'><strong>et</strong></span> <span class='ocrx_word' id='word_1_134' title='bbox 1394 1875 1558 1934; x_wconf 86' lang='lat' dir='ltr'><strong>Egipti,</strong></span> <span class='ocrx_word' id='word_1_135' title='bbox 1579 1875 1697 1933; x_wconf 90' lang='lat' dir='ltr'><strong>quod</strong></span> 
     </span>
     <span class='ocr_line' id='line_1_18' title="bbox 202 1944 1696 2004; baseline 0.001 -18"><span class='ocrx_word' id='word_1_136' title='bbox 202 1944 470 1987; x_wconf 87' lang='lat' dir='ltr'><strong>Assiriorum</strong></span> <span class='ocrx_word' id='word_1_137' title='bbox 507 1944 684 1995; x_wconf 88' lang='lat' dir='ltr'><strong>dicitur,</strong></span> <span class='ocrx_word' id='word_1_138' title='bbox 724 1961 909 2004; x_wconf 88' lang='lat' dir='ltr'><strong>regnum</strong></span> <span class='ocrx_word' id='word_1_139' title='bbox 946 1945 1157 2004; x_wconf 84' lang='lat' dir='ltr'><strong>eligamus</strong></span> <span class='ocrx_word' id='word_1_140' title='bbox 1192 1954 1235 1988; x_wconf 93' lang='lat' dir='ltr'><strong>et</strong></span> <span class='ocrx_word' id='word_1_141' title='bbox 1268 1947 1559 1996; x_wconf 90' lang='lat' dir='ltr'><strong>nominemus,</strong></span> <span class='ocrx_word' id='word_1_142' title='bbox 1594 1947 1696 1988; x_wconf 86' lang='lat' dir='ltr'><strong>resi-</strong></span> 
     </span>
     <span class='ocr_line' id='line_1_19' title="bbox 203 2015 1699 2075; baseline 0.001 -17"><span class='ocrx_word' id='word_1_143' title='bbox 203 2015 336 2058; x_wconf 91' lang='lat' dir='ltr'><strong>duum</strong></span> <span class='ocrx_word' id='word_1_144' title='bbox 355 2016 635 2074; x_wconf 88' lang='lat' dir='ltr'><strong>dispositioni</strong></span> <span class='ocrx_word' id='word_1_145' title='bbox 661 2017 898 2067; x_wconf 86' lang='lat' dir='ltr'><strong>Creatoris,</strong></span> <span class='ocrx_word' id='word_1_146' title='bbox 915 2017 990 2075; x_wconf 90' lang='lat' dir='ltr'><strong>qui</strong></span> <span class='ocrx_word' id='word_1_147' title='bbox 1011 2017 1064 2058; x_wconf 85' lang='lat' dir='ltr'><strong>ab</strong></span> <span class='ocrx_word' id='word_1_148' title='bbox 1081 2025 1233 2059; x_wconf 85' lang='lat' dir='ltr'><strong>eterno</strong></span> <span class='ocrx_word' id='word_1_149' title='bbox 1249 2018 1368 2059; x_wconf 89' lang='lat' dir='ltr'><strong>novit</strong></span> <span class='ocrx_word' id='word_1_150' title='bbox 1384 2018 1544 2068; x_wconf 86' lang='lat' dir='ltr'><strong>omnia,</strong></span> <span class='ocrx_word' id='word_1_151' title='bbox 1562 2018 1699 2060; x_wconf 85' lang='lat' dir='ltr'><strong>relin-</strong></span> 
     </span>
     <span class='ocr_line' id='line_1_20' title="bbox 203 2087 1697 2148; baseline 0.001 -19"><span class='ocrx_word' id='word_1_152' title='bbox 203 2095 406 2145; x_wconf 82' lang='lat' dir='ltr'><strong>quenteS,</strong></span> <span class='ocrx_word' id='word_1_153' title='bbox 467 2087 672 2129; x_wconf 90' lang='lat' dir='ltr'><strong>videlicet</strong></span> <span class='ocrx_word' id='word_1_154' title='bbox 717 2087 941 2130; x_wconf 87' lang='lat' dir='ltr'><strong>dominum</strong></span> <span class='ocrx_word' id='word_1_155' title='bbox 997 2088 1250 2146; x_wconf 87' lang='lat' dir='ltr'><strong>Philippum</strong></span> <span class='ocrx_word' id='word_1_156' title='bbox 1302 2089 1697 2148; x_wconf 83' lang='lat' dir='ltr'><strong>secundogenitum</strong></span> 
     </span>
     <span class='ocr_line' id='line_1_21' title="bbox 204 2157 1697 2217; baseline 0.001 -18"><span class='ocrx_word' id='word_1_157' title='bbox 204 2157 490 2200; x_wconf 87' lang='lat' dir='ltr'><strong>illustrissimi</strong></span> <span class='ocrx_word' id='word_1_158' title='bbox 510 2158 726 2217; x_wconf 89' lang='lat' dir='ltr'><strong>principis</strong></span> <span class='ocrx_word' id='word_1_159' title='bbox 748 2158 914 2201; x_wconf 90' lang='lat' dir='ltr'><strong>domini</strong></span> <span class='ocrx_word' id='word_1_160' title='bbox 942 2159 1059 2217; x_wconf 83' lang='lat' dir='ltr'><strong>regis</strong></span> <span class='ocrx_word' id='word_1_161' title='bbox 1082 2162 1365 2209; x_wconf 78' lang='lat' dir='ltr'><strong>Francorum,</strong></span> <span class='ocrx_word' id='word_1_162' title='bbox 1397 2161 1604 2217; x_wconf 87' lang='lat' dir='ltr'><strong>quoniam</strong></span> <span class='ocrx_word' id='word_1_163' title='bbox 1623 2160 1697 2202; x_wconf 93' lang='lat' dir='ltr'><strong>du-</strong></span> 
     </span>
     <span class='ocr_line' id='line_1_22' title="bbox 204 2229 1698 2288; baseline 0.002 -18"><span class='ocrx_word' id='word_1_164' title='bbox 204 2245 300 2271; x_wconf 90' lang='lat' dir='ltr'><strong>rum</strong></span> <span class='ocrx_word' id='word_1_165' title='bbox 327 2237 443 2271; x_wconf 85' lang='lat' dir='ltr'><strong>esset</strong></span> <span class='ocrx_word' id='word_1_166' title='bbox 464 2229 518 2271; x_wconf 88' lang='lat' dir='ltr'><strong>ad</strong></span> <span class='ocrx_word' id='word_1_167' title='bbox 544 2229 735 2288; x_wconf 89' lang='lat' dir='ltr'><strong>aliquem</strong></span> <span class='ocrx_word' id='word_1_168' title='bbox 757 2229 811 2272; x_wconf 91' lang='lat' dir='ltr'><strong>de</strong></span> <span class='ocrx_word' id='word_1_169' title='bbox 839 2231 1079 2287; x_wconf 84' lang='lat' dir='ltr'><strong>majoribus</strong></span> <span class='ocrx_word' id='word_1_170' title='bbox 1109 2230 1260 2272; x_wconf 89' lang='lat' dir='ltr'><strong>mundi</strong></span> <span class='ocrx_word' id='word_1_171' title='bbox 1291 2231 1420 2288; x_wconf 86' lang='lat' dir='ltr'><strong>hujus</strong></span> <span class='ocrx_word' id='word_1_172' title='bbox 1454 2231 1698 2273; x_wconf 88' lang='lat' dir='ltr'><strong>honoribus</strong></span> 
     </span>
     <span class='ocr_line' id='line_1_23' title="bbox 206 2296 1701 2359; baseline 0.001 -17"><span class='ocrx_word' id='word_1_173' title='bbox 206 2316 293 2342; x_wconf 93' lang='lat' dir='ltr'><strong>non</strong></span> <span class='ocrx_word' id='word_1_174' title='bbox 320 2300 480 2342; x_wconf 86' lang='lat' dir='ltr'><strong>vocari.</strong></span> <span class='ocrx_word' id='word_1_175' title='bbox 507 2300 596 2343; x_wconf 90' lang='lat' dir='ltr'><strong>Sed</strong></span> <span class='ocrx_word' id='word_1_176' title='bbox 619 2301 825 2359; x_wconf 86' lang='lat' dir='ltr'><strong>quoniam</strong></span> <span class='ocrx_word' id='word_1_177' title='bbox 848 2302 893 2343; x_wconf 88' lang='lat' dir='ltr'><strong>in</strong></span> <span class='ocrx_word' id='word_1_178' title='bbox 914 2296 1080 2343; x_wconf 73' lang='lat' dir='ltr'><strong>canene</strong></span> <span class='ocrx_word' id='word_1_179' title='bbox 1103 2302 1315 2359; x_wconf 80' lang='lat' dir='ltr'><strong>scriptum</strong></span> <span class='ocrx_word' id='word_1_180' title='bbox 1344 2310 1410 2344; x_wconf 89' lang='lat' dir='ltr'><strong>est</strong></span> <span class='ocrx_word' id='word_1_181' title='bbox 1429 2319 1437 2343; x_wconf 89' lang='lat'>:</span> <span class='ocrx_word' id='word_1_182' title='bbox 1463 2303 1598 2346; x_wconf 87' lang='lat' dir='ltr'><strong>Nemo</strong></span> <span class='ocrx_word' id='word_1_183' title='bbox 1617 2303 1701 2344; x_wconf 77' lang='lat' dir='ltr'><strong>sibi</strong></span> 
     </span>
     <span class='ocr_line' id='line_1_24' title="bbox 206 2371 1694 2431; baseline 0.001 -18"><span class='ocrx_word' id='word_1_184' title='bbox 206 2371 410 2414; x_wconf 79' lang='lat' dir='ltr'><strong>honorem</strong></span> <span class='ocrx_word' id='word_1_185' title='bbox 447 2382 659 2422; x_wconf 79' lang='lat' dir='ltr'><strong>assumat,</strong></span> <span class='ocrx_word' id='word_1_186' title='bbox 687 2373 765 2414; x_wconf 81' lang='lat' dir='ltr'><strong>sed</strong></span> <span class='ocrx_word' id='word_1_187' title='bbox 788 2376 866 2431; x_wconf 85' lang='lat' dir='ltr'><strong>qui</strong></span> <span class='ocrx_word' id='word_1_188' title='bbox 891 2383 1072 2416; x_wconf 74' lang='lat' dir='ltr'><strong>vocatur</strong></span> <span class='ocrx_word' id='word_1_189' title='bbox 1101 2390 1128 2413; x_wconf 83' lang='lat' dir='ltr'><em>a</em></span> <span class='ocrx_word' id='word_1_190' title='bbox 1162 2374 1363 2427; x_wconf 79' lang='lat' dir='ltr'><strong>Domino,</strong></span> <span class='ocrx_word' id='word_1_191' title='bbox 1390 2377 1502 2415; x_wconf 77' lang='lat' dir='ltr'><strong>sicut</strong></span> <span class='ocrx_word' id='word_1_192' title='bbox 1525 2373 1694 2426; x_wconf 75' lang='lat' dir='ltr'><strong>Aaron,</strong></span> 
     </span>
    </p>
   </div>
   <div class='ocr_carea' id='block_1_6' title="bbox 207 2578 1698 2769">
    <p class='ocr_par' dir='ltr' id='par_1_6' title="bbox 207 2578 1698 2769">
     <span class='ocr_line' id='line_1_25' title="bbox 255 2578 1698 2627; baseline 0.001 -14"><span class='ocrx_word' id='word_1_193' title='bbox 255 2580 289 2614; x_wconf 86' lang='lat'><strong>1.</strong></span> <span class='ocrx_word' id='word_1_194' title='bbox 319 2578 370 2613; x_wconf 88' lang='lat' dir='ltr'><strong>Le</strong></span> <span class='ocrx_word' id='word_1_195' title='bbox 391 2579 571 2613; x_wconf 76' lang='lat' dir='ltr'><strong>memoire</strong></span> <span class='ocrx_word' id='word_1_196' title='bbox 593 2579 760 2626; x_wconf 70' lang='lat' dir='ltr'><strong>quieuit,</strong></span> <span class='ocrx_word' id='word_1_197' title='bbox 782 2580 874 2614; x_wconf 79' lang='lat' dir='ltr'><strong>dont</strong></span> <span class='ocrx_word' id='word_1_198' title='bbox 895 2580 928 2614; x_wconf 90' lang='lat' dir='ltr'><strong>le</strong></span> <span class='ocrx_word' id='word_1_199' title='bbox 951 2581 1048 2627; x_wconf 86' lang='lat' dir='ltr'><strong>style</strong></span> <span class='ocrx_word' id='word_1_200' title='bbox 1066 2593 1200 2615; x_wconf 86' lang='lat' dir='ltr'><strong>accuse</strong></span> <span class='ocrx_word' id='word_1_201' title='bbox 1235 2581 1455 2615; x_wconf 84' lang='lat' dir='ltr'><strong>clairement</strong></span> <span class='ocrx_word' id='word_1_202' title='bbox 1477 2582 1510 2616; x_wconf 85' lang='lat' dir='ltr'><strong>la</strong></span> <span class='ocrx_word' id='word_1_203' title='bbox 1534 2581 1633 2615; x_wconf 84' lang='lat' dir='ltr'><strong>main</strong></span> <span class='ocrx_word' id='word_1_204' title='bbox 1654 2582 1698 2615; x_wconf 89' lang='lat' dir='ltr'><strong>de</strong></span> 
     </span>
     <span class='ocr_line' id='line_1_26' title="bbox 207 2626 1697 2676; baseline 0.001 -16"><span class='ocrx_word' id='word_1_205' title='bbox 207 2626 368 2666; x_wconf 82' lang='lat' dir='ltr'><strong>Dubois,</strong></span> <span class='ocrx_word' id='word_1_206' title='bbox 387 2633 445 2661; x_wconf 81' lang='lat' dir='ltr'><strong>est</strong></span> <span class='ocrx_word' id='word_1_207' title='bbox 467 2640 514 2660; x_wconf 90' lang='lat' dir='ltr'><strong>un</strong></span> <span class='ocrx_word' id='word_1_208' title='bbox 538 2626 719 2661; x_wconf 61' lang='lat' dir='ltr'><strong>veritable</strong></span> <span class='ocrx_word' id='word_1_209' title='bbox 738 2629 1028 2676; x_wconf 79' lang='lat' dir='ltr'><strong>post-scriptum</strong></span> <span class='ocrx_word' id='word_1_210' title='bbox 1048 2629 1186 2674; x_wconf 76' lang='lat' dir='ltr'><strong>ajoute,</strong></span> <span class='ocrx_word' id='word_1_211' title='bbox 1212 2642 1283 2674; x_wconf 87' lang='lat' dir='ltr'><strong>peu</strong></span> <span class='ocrx_word' id='word_1_212' title='bbox 1302 2630 1346 2662; x_wconf 91' lang='lat' dir='ltr'><strong>de</strong></span> <span class='ocrx_word' id='word_1_213' title='bbox 1369 2636 1490 2675; x_wconf 78' lang='lat' dir='ltr'><strong>temps</strong></span> <span class='ocrx_word' id='word_1_214' title='bbox 1524 2631 1636 2674; x_wconf 81' lang='lat' dir='ltr'><strong>apres</strong></span> <span class='ocrx_word' id='word_1_215' title='bbox 1659 2642 1697 2663; x_wconf 83' lang='lat' dir='ltr'><strong>sa</strong></span> 
     </span>
     <span class='ocr_line' id='line_1_27' title="bbox 207 2674 1698 2722; baseline 0.001 -14"><span class='ocrx_word' id='word_1_216' title='bbox 207 2674 414 2714; x_wconf 61' lang='lat' dir='ltr'><strong>redaction,</strong></span> <span class='ocrx_word' id='word_1_217' title='bbox 439 2687 485 2708; x_wconf 88' lang='lat' dir='ltr'><strong>au</strong></span> <span class='ocrx_word' id='word_1_218' title='bbox 506 2677 556 2708; x_wconf 85' lang='lat' dir='ltr'><strong>De</strong></span> <span class='ocrx_word' id='word_1_219' title='bbox 575 2675 866 2722; x_wconf 76' lang='lat' dir='ltr'><strong>recuperatione.</strong></span> <span class='ocrx_word' id='word_1_220' title='bbox 891 2675 992 2710; x_wconf 85' lang='lat' dir='ltr'><strong>C’est</strong></span> <span class='ocrx_word' id='word_1_221' title='bbox 1025 2676 1043 2709; x_wconf 76' lang='grc' dir='ltr'><strong>ἐι</strong></span> <span class='ocrx_word' id='word_1_222' title='bbox 1066 2677 1154 2710; x_wconf 78' lang='lat' dir='ltr'><strong>titre</strong></span> <span class='ocrx_word' id='word_1_223' title='bbox 1182 2677 1227 2710; x_wconf 92' lang='lat' dir='ltr'><strong>de</strong></span> <span class='ocrx_word' id='word_1_224' title='bbox 1261 2677 1514 2722; x_wconf 72' lang='lat' dir='ltr'><strong>complement</strong></span> <span class='ocrx_word' id='word_1_225' title='bbox 1551 2677 1698 2710; x_wconf 78' lang='lat' dir='ltr'><strong>naturel</strong></span> 
     </span>
     <span class='ocr_line' id='line_1_28' title="bbox 209 2721 1649 2769; baseline 0.002 -14"><span class='ocrx_word' id='word_1_226' title='bbox 209 2721 254 2755; x_wconf 89' lang='lat' dir='ltr'><strong>de</strong></span> <span class='ocrx_word' id='word_1_227' title='bbox 275 2733 316 2755; x_wconf 86' lang='lat' dir='ltr'><strong>ce</strong></span> <span class='ocrx_word' id='word_1_228' title='bbox 331 2721 483 2756; x_wconf 79' lang='lat' dir='ltr'><strong>dernier</strong></span> <span class='ocrx_word' id='word_1_229' title='bbox 503 2722 612 2756; x_wconf 65' lang='lat' dir='ltr'><strong>traite</strong></span> <span class='ocrx_word' id='word_1_230' title='bbox 629 2734 700 2768; x_wconf 86' lang='lat' dir='ltr'><strong>que</strong></span> <span class='ocrx_word' id='word_1_231' title='bbox 715 2735 811 2756; x_wconf 86' lang='lat' dir='ltr'><strong>nous</strong></span> <span class='ocrx_word' id='word_1_232' title='bbox 828 2724 862 2756; x_wconf 93' lang='lat' dir='ltr'><strong>le</strong></span> <span class='ocrx_word' id='word_1_233' title='bbox 883 2722 1062 2769; x_wconf 87' lang='lat' dir='ltr'><strong>publions</strong></span> <span class='ocrx_word' id='word_1_234' title='bbox 1084 2724 1146 2758; x_wconf 90' lang='lat' dir='ltr'><strong>ici.</strong></span> <span class='ocrx_word' id='word_1_235' title='bbox 1169 2723 1226 2758; x_wconf 85' lang='lat' dir='ltr'><strong>Cf.</strong></span> <span class='ocrx_word' id='word_1_236' title='bbox 1241 2730 1350 2758; x_wconf 78' lang='lat' dir='ltr'><strong>notre</strong></span> <span class='ocrx_word' id='word_1_237' title='bbox 1371 2724 1649 2758; x_wconf 79' lang='lat' dir='ltr'><strong>Introduction.</strong></span> 
     </span>
    </p>
   </div>
   <div class='ocr_carea' id='block_1_7' title="bbox 209 2768 1700 2863">
    <p class='ocr_par' dir='ltr' id='par_1_7' title="bbox 209 2768 1700 2863">
     <span class='ocr_line' id='line_1_29' title="bbox 255 2768 1700 2817; baseline 0.001 -14"><span class='ocrx_word' id='word_1_238' title='bbox 255 2769 290 2803; x_wconf 83' lang='lat'><strong>2.</strong></span> <span class='ocrx_word' id='word_1_239' title='bbox 319 2768 426 2803; x_wconf 82' lang='lat' dir='ltr'><strong>Cette</strong></span> <span class='ocrx_word' id='word_1_240' title='bbox 447 2769 629 2816; x_wconf 81' lang='lat' dir='ltr'><strong>rubrique</strong></span> <span class='ocrx_word' id='word_1_241' title='bbox 651 2770 700 2803; x_wconf 87' lang='lat' dir='ltr'><strong>du</strong></span> <span class='ocrx_word' id='word_1_242' title='bbox 721 2782 791 2803; x_wconf 91' lang='lat' dir='ltr'><strong>ms.</strong></span> <span class='ocrx_word' id='word_1_243' title='bbox 812 2769 908 2804; x_wconf 80' lang='lat' dir='ltr'><strong>n’est</strong></span> <span class='ocrx_word' id='word_1_244' title='bbox 929 2783 996 2816; x_wconf 87' lang='lat' dir='ltr'><strong>pas</strong></span> <span class='ocrx_word' id='word_1_245' title='bbox 1016 2772 1325 2817; x_wconf 79' lang='lat' dir='ltr'><strong>coutemporaine</strong></span> <span class='ocrx_word' id='word_1_246' title='bbox 1357 2772 1406 2805; x_wconf 89' lang='lat' dir='ltr'><strong>du</strong></span> <span class='ocrx_word' id='word_1_247' title='bbox 1428 2777 1526 2805; x_wconf 83' lang='lat' dir='ltr'><strong>texte</strong></span> <span class='ocrx_word' id='word_1_248' title='bbox 1544 2785 1550 2811; x_wconf 91' lang='lat'>;</span> <span class='ocrx_word' id='word_1_249' title='bbox 1587 2771 1659 2805; x_wconf 89' lang='lat' dir='ltr'><strong>elle</strong></span> <span class='ocrx_word' id='word_1_250' title='bbox 1681 2783 1700 2804; x_wconf 87' lang='lat' dir='ltr'><strong>a</strong></span> 
     </span>
     <span class='ocr_line' id='line_1_30' title="bbox 209 2815 1040 2863; baseline 0.002 -13"><span class='ocrx_word' id='word_1_251' title='bbox 209 2815 268 2850; x_wconf 71' lang='lat' dir='ltr'><strong>ete</strong></span> <span class='ocrx_word' id='word_1_252' title='bbox 289 2815 437 2862; x_wconf 74' lang='lat' dir='ltr'><strong>ajoutee</strong></span> <span class='ocrx_word' id='word_1_253' title='bbox 455 2829 523 2863; x_wconf 84' lang='lat' dir='ltr'><strong>par</strong></span> <span class='ocrx_word' id='word_1_254' title='bbox 544 2829 616 2851; x_wconf 91' lang='lat' dir='ltr'><strong>une</strong></span> <span class='ocrx_word' id='word_1_255' title='bbox 637 2817 736 2851; x_wconf 83' lang='lat' dir='ltr'><strong>main</strong></span> <span class='ocrx_word' id='word_1_256' title='bbox 760 2818 809 2851; x_wconf 88' lang='lat' dir='ltr'><strong>du</strong></span> <span class='ocrx_word' id='word_1_257' title='bbox 830 2825 895 2851; x_wconf 74' lang='lat' dir='ltr'><strong>xv0&#39;</strong></span> <span class='ocrx_word' id='word_1_258' title='bbox 913 2818 1040 2852; x_wconf 68' lang='lat' dir='ltr'><strong>siecle.</strong></span> 
     </span>
    </p>
   </div>
   <div class='ocr_carea' id='block_1_8' title="bbox 1776 1027 1890 1055">
    <p class='ocr_par' dir='ltr' id='par_1_8' title="bbox 1776 1027 1890 1055">
     <span class='ocr_line' id='line_1_31' title="bbox 1776 1027 1890 1055; baseline -0.018 0"><span class='ocrx_word' id='word_1_259' title='bbox 1776 1027 1890 1055; x_wconf 77' lang='lat' dir='ltr'><strong>Exorde,</strong></span> 
     </span>
    </p>
   </div>
  </div>
 </body>
</html>
