1942 3242
351 231 392 263 96
892 229 1078 262 PIERRE
1107 229 1300 263 DUBOIS.

353 336 405 362 ex
426 318 558 362 officii
585 320 669 362 sibi
696 319 923 361 commissi
949 319 1254 370 neccessitate,
1284 335 1436 362 causas
1473 321 1719 378 generales,
1763 330 1844 365 sta-

351 391 463 434 biles
491 399 533 433 et
559 391 704 433 firmas
732 390 852 449 pacis
879 390 1044 448 ubique
1059 399 1293 441 terrarum,
1314 391 1612 434 verisimiliter
1629 401 1844 451 perpetuo

352 463 599 514 duraturas,
632 478 960 521 permansuraS‚
1008 470 1050 504 et
1075 461 1296 504 timendas
1323 478 1422 504 cum
1458 463 1584 520 penis
1618 463 1844 507 fractionis

350 535 550 585 utilibus,
575 551 729 593 parum
752 534 934 584 nocivis,
960 534 1285 592 recuperationi
1307 542 1350 575 et
1371 535 1694 578 conservationi
1710 537 1844 579 Terre

353 608 514 649 Sancte
534 606 760 664 proficuis,
793 621 892 647 cum
914 613 1128 663 perpetua
1148 605 1319 647 timoris
1348 606 1574 648 memoria.

410 681 546 732 [LXIX]
592 677 639 720 Si
668 677 858 735 predicti
886 676 1005 719 exilii
1042 677 1246 734 perpetui
1285 685 1328 719 et
1362 677 1612 719 amissionis
1647 678 1843 721 omnium

350 750 567 791 bonorum
595 765 724 807 pena,
762 764 849 790 non
877 748 1018 790 solum
1055 747 1315 790 bellicorum
1341 748 1552 799 virorum,
1593 749 1671 791 sed
1714 750 1843 792 etiam

350 829 599 879 parentum,
625 820 866 862 liberorum
895 827 938 861 et
965 835 1149 861 uxorum
1172 835 1364 870 suarum,
1402 835 1480 877 pre
1514 820 1718 862 omnibus
1749 821 1844 863 aliis

350 892 572 942 timeatur,
618 900 661 933 et
693 891 835 950 prosit
870 891 1108 933 intentioni
1148 898 1190 932 et
1224 890 1446 932 desiderio
1483 891 1669 933 subsidii
1710 894 1844 934 Terre

352 965 528 1014 Sancte,
553 979 658 1022 ergo
686 963 769 1004 hoc
795 962 1018 1004 vinculum
1041 962 1177 1020 pacis,
1202 969 1426 1020 tamquam
1454 962 1627 1013 melius,
1658 979 1736 1021 pre
1757 979 1843 1005 om-

351 1035 481 1077 nibus
503 1043 569 1077 est
597 1034 692 1076 aliis
714 1033 967 1092 eligendum
992 1051 1001 1085 ;
1033 1034 1068 1075 si
1089 1049 1191 1075 vero
1219 1033 1338 1075 aliud
1357 1034 1581 1076 vinculum
1603 1034 1760 1076 melius
1781 1035 1842 1076 in-

348 1107 564 1157 veniatur,
605 1106 752 1164 potius
796 1105 998 1164 eligatur,
1050 1107 1173 1162 juxta
1211 1104 1256 1146 id
1307 1105 1426 1163 quod
1459 1106 1518 1147 ait
1552 1106 1839 1148 Priscianus:

348 1178 497 1223 Nielzil
527 1182 570 1220 in
607 1178 812 1219 kmnants
846 1177 1160 1220 inventionibus
1187 1176 1298 1234 fore
1338 1192 1438 1218 reor
1477 1193 1531 1218 ear
1568 1181 1687 1219 omni
1709 1187 1844 1235 parte

340 1247 605 1308 perfectum.
640 1249 770 1303 Quod
800 1249 862 1290 sic
898 1247 994 1290 fieri
1028 1247 1186 1289 debeat
1221 1255 1263 1289 et
1291 1247 1494 1306 expediat
1527 1264 1733 1306 expresse
1763 1248 1843 1290 do-

348 1322 438 1364 cuit
466 1337 659 1363 summus
690 1320 988 1378 Philosophus
1014 1319 1058 1361 in
1088 1335 1163 1361 sua
1191 1319 1404 1377 Polytiea‚
1444 1335 1541 1361 cum
1576 1319 1634 1361 ait
1662 1336 1670 1361 :
1711 1321 1842 1378 Prop-

349 1404 414 1435 ter
434 1394 644 1445 homines,
669 1392 824 1451 quibus
844 1407 930 1433 non
951 1391 1199 1449 sufficiebat
1215 1394 1399 1448 cognitio
1427 1401 1467 1432 et
1482 1394 1720 1449 persuasio
1744 1392 1847 1433 boni

349 1475 389 1507 et
414 1469 526 1524 equi,
559 1465 620 1506 ad
639 1464 718 1506 lzoc
744 1464 861 1522 quod
885 1472 1178 1521 operarentur
1198 1463 1317 1520 quod
1337 1462 1492 1503 bonum
1513 1472 1610 1504 erat
1629 1472 1670 1504 et
1686 1478 1840 1521 equum

349 1538 411 1579 ad
426 1540 657 1595 proximos
684 1545 725 1577 et
750 1537 1021 1592 conjunctos,
1037 1533 1139 1590 suit
1163 1537 1434 1580 neccessario
1464 1537 1636 1575 inventa
1671 1537 1714 1575 in
1741 1537 1842 1576 civi-

350 1608 512 1650 tatibus
545 1614 607 1650 vis
643 1610 837 1649 coactiva
867 1606 1087 1664 judicum.
1126 1604 1376 1647 Concordat
1416 1604 1470 1646 ad
1507 1605 1591 1646 hoc
1625 1604 1744 1663 quod
1783 1604 1842 1646 ait

350 1679 466 1722 idem
494 1678 790 1736 Philosophus
818 1677 863 1719 in
894 1676 1048 1718 Ethica
1076 1693 1083 1717 :
1117 1677 1166 1718 Si
1202 1679 1311 1718 enim
1339 1691 1486 1717 omnes
1519 1692 1710 1717 essemus
1727 1678 1845 1734 justi

350 1751 511 1810 (glosaz
543 1750 734 1793 videlicet
745 1751 928 1807 justicia
952 1751 1164 1799 interiori,
1188 1763 1266 1806 que
1294 1757 1356 1788 est
1379 1747 1555 1788 habitus
1579 1757 1619 1788 et
1629 1748 1841 1806 perfectio

349 1827 495 1865 anime
513 1822 761 1878 rationalis)
782 1837 867 1862 non
884 1821 1178 1877 indigeremus
1187 1821 1371 1876 justicia
1390 1819 1597 1875 (videlicet
1614 1821 1837 1871 exteriori,

80 1908 130 1934 Les
154 1908 270 1949 impqser
295 1917 328 1934 au
349 1895 612 1953 compulsiva
628 1909 712 1951 per
734 1908 911 1933 manum
942 1890 1205 1946 militarem).
1233 1890 1451 1942 Quoniam
1475 1905 1580 1947 ergo
1602 1905 1691 1931 non
1713 1888 1839 1931 suffe-

154 1944 255 1971 besmn'
349 1973 504 2008 cerunt
534 1965 746 2006 hactenus
788 1962 1017 2021 Scripture
1057 1977 1319 2019 quecunque
1348 1969 1389 2002 et
1422 1960 1749 2018 predicationes
1789 1976 1841 2002 ex

351 2036 593 2095 Scripturis
634 2035 834 2086 collecte,
871 2049 1043 2075 necnon
1084 2033 1214 2074 etiam
1256 2031 1479 2091 elegantes
1514 2031 1837 2090 predicantium

348 2108 490 2150 luctus
518 2116 561 2149 et
581 2107 808 2156 clamores,
841 2105 894 2147 ad
915 2105 999 2147 hoc
1027 2112 1074 2146 ut
1094 2103 1345 2161 frequencia
1368 2102 1683 2145 catholicorum
1706 2102 1836 2153 bella,

347 2195 520 2222 necnon
555 2187 718 2220 mortes
744 2175 1011 2235 temporales
1030 2183 1072 2217 et
1094 2174 1344 2233 spirituales
1371 2182 1436 2215 tot
1457 2182 1500 2216 et
1519 2182 1742 2216 tantorum
1764 2174 1838 2216 ho-

347 2252 515 2293 minum
559 2249 716 2292 exinde
745 2256 909 2298 secute,
949 2254 1187 2297 cessarent,
1220 2262 1354 2304 quare
1389 2261 1476 2287 non
1521 2245 1768 2287 inveniatur
1794 2245 1837 2287 in

347 2323 548 2365 ultimum
577 2320 822 2363 subsidium
849 2335 1009 2361 novum
1037 2317 1279 2360 remedium
1302 2333 1454 2359 manus
1478 2317 1695 2367 militaris,
1726 2324 1838 2358 tam-

348 2410 476 2452 quam
500 2393 677 2452 justicia
705 2390 980 2434 neccessario
1020 2389 1306 2447 compulsiva‚
1343 2388 1586 2447 suppositis
1627 2387 1836 2445 exemplis

347 2481 431 2524 que
459 2465 665 2514 vidimus,
690 2472 732 2505 et
761 2479 845 2521 que
869 2461 1097 2519 Scripture
1120 2461 1173 2502 ab
1196 2460 1367 2518 origine
1396 2459 1545 2501 mondi
1589 2459 1839 2501 testantur?

346 2539 435 2579 Hec
464 2545 530 2578 est
558 2534 876 2578 demonstratio
905 2533 974 2575 cui
1002 2531 1271 2590 respondere
1293 2539 1358 2572 est
1380 2530 1669 2589 impossibile,
1701 2544 1837 2571 mora-

345 2608 445 2650 liter
463 2616 505 2649 et
532 2607 711 2666 politice
739 2604 961 2664 loquendo
980 2621 990 2656 3
1021 2619 1118 2645 cum
1145 2619 1366 2644 sermones
1386 2605 1473 2644 sint
1491 2602 1727 2643 secundum
1748 2617 1837 2642 ma-

345 2683 499 2722 teriam
522 2678 784 2738 inquirendi,
817 2676 930 2718 sicut
952 2675 1010 2717 ait
1038 2674 1350 2732 Philosophus,
1383 2681 1424 2715 et
1445 2681 1492 2715 ut
1524 2672 1568 2714 in
1596 2672 1692 2731 lege
1721 2671 1835 2714 civili

345 2751 581 2802 recitatur3
608 2758 650 2791 et
678 2749 843 2791 idcirco
871 2747 930 2789 ait
956 2746 1253 2804 Philosophus
1281 2762 1289 2786 z
1329 2746 1485 2786 Peccat
1511 2747 1584 2803 qui
1601 2760 1629 2784 a
1664 2743 1837 2785 rhetore

339 2826 446 2881 petit
498 2823 926 2872 demonstrationem,
975 2828 1013 2859 et
1064 2821 1141 2876 qui
1182 2833 1209 2857 a
1256 2825 1481 2874 geometra
1526 2824 1831 2872 argumentum
