1942 3242
114 687 280 717 Conclusion.

338 231 377 263 32
885 233 1071 268 PIERRE
1100 233 1291 269 DUBOIS.

337 329 498 373 torum,
539 338 724 380 quorum
765 323 890 366 factis
929 324 1028 382 plus
1073 325 1214 367 credit
1257 326 1447 384 populus
1492 343 1621 386 quam
1664 328 1826 380 verbis,

338 402 489 436 contra
542 394 786 437 doctrinam
838 396 1033 447 Domini,
1074 412 1172 438 cum
1211 396 1297 439 ait¹
1331 415 1339 439 :
1393 399 1535 456 Super
1573 399 1829 442 cathedram

336 466 484 522 Moysi
506 467 709 509 sederunt
727 468 866 509 scribe
893 477 934 510 et
951 467 1159 510 pharisei
1167 483 1183 522 ,·
1214 484 1296 528 qae
1316 470 1463 512 dicunt
1484 471 1632 529 facite,
1656 473 1733 514 sed
1751 488 1830 531 que

331 537 511 594 faciunt
529 540 682 597 facere
707 538 876 581 nolite2.

397 684 524 735 [XXII]
555 680 637 727 39.
687 682 920 725 Premissis
956 682 1095 742 igitur
1131 691 1174 726 et
1211 683 1307 726 aliis
1346 686 1653 728 occasionibus
1679 686 1829 744 perdi-

336 752 469 794 tionis
501 753 756 804 animarum,
786 769 867 795 nec
894 769 983 796 non
1010 754 1322 798 verisimilibus
1348 756 1676 815 impedimentis
1702 774 1828 800 recu-

335 824 578 881 perationis
636 833 679 866 et
736 826 1081 868 conservationis
1122 828 1257 870 Terre
1309 829 1469 870 Sancte
1520 845 1617 871 cum
1663 845 1828 872 summa

337 894 575 954 diligencia
602 896 909 948 consideratis,
939 898 1243 955 expertissime
1275 908 1418 942 vestre
1455 901 1575 959 regie
1612 901 1828 959 majestati

336 967 372 1009 si
394 983 491 1009 cum
521 967 680 1010 effectu
707 968 761 1010 ad
783 969 1035 1027 hujusmodi
1062 971 1442 1028 recuperationem
1464 981 1507 1014 et
1531 973 1827 1015 conservatio-

335 1054 434 1081 nem
461 1040 727 1097 proponitiS,
751 1049 884 1098 prout
911 1042 1201 1084 communiter
1229 1042 1439 1095 creditur,
1463 1043 1663 1086 laborare
1686 1044 1827 1086 solum

334 1119 517 1169 propter
553 1111 754 1154 ardorem
785 1113 1091 1155 retributionis
1124 1122 1291 1166 eterne,
1334 1115 1610 1157 sanctissimo
1643 1115 1758 1174 patri
1784 1124 1826 1158 et

335 1182 513 1224 domino
560 1183 722 1225 domno
756 1184 989 1235 Clementi,
1033 1185 1179 1228 divina
1219 1186 1503 1244 providencia
1548 1195 1825 1230 sacrosancte

335 1269 513 1296 romane
542 1271 589 1296 ac
611 1255 872 1297 universalis
896 1256 1093 1298 Ecclesie
1109 1273 1277 1299 summo
1298 1257 1514 1315 pontifici,
1538 1259 1583 1300 in
1599 1260 1692 1316 ejus
1707 1267 1825 1301 terre

335 1325 597 1377 subsidium,
622 1326 675 1368 ut
690 1327 901 1378 creditur,
925 1344 1004 1386 pre
1033 1329 1192 1370 ceteris
1221 1329 1425 1372 omnibus
1453 1330 1650 1389 negociis
1678 1330 1824 1372 inten-

334 1397 472 1448 denti,
515 1398 686 1456 placeat
726 1399 1072 1442 misericorditer
1117 1401 1634 1459 supplicare‚,quatinus
1678 1401 1825 1444 taliter

332 1469 506 1511 studeat
532 1469 771 1512 reformare
799 1479 958 1513 statum
994 1472 1264 1530 prelatorum
1293 1473 1428 1515 totius
1462 1473 1614 1531 populi
1649 1481 1692 1515 et
1719 1473 1825 1515 cleri

331 1540 574 1598 reipublice
598 1541 953 1593 christianorum,
973 1543 1093 1601 quod
1113 1543 1297 1586 virtutes
1320 1544 1571 1602 spirituales
1590 1552 1633 1586 et
1651 1553 1823 1603 tempo-

329 1611 443 1654 rales
482 1629 633 1655 eorum
678 1614 816 1664 unite,
870 1622 1002 1672 prout
1047 1631 1142 1657 esse
1183 1615 1413 1667 deberent,
1456 1615 1744 1674 spiritualiter
1780 1624 1822 1658 et

328 1685 631 1742 temporaliter
653 1685 808 1727 devote
830 1686 1059 1728 militando
1087 1703 1299 1745 prospere
1328 1688 1414 1730 cito
1435 1688 1607 1746 possint
1633 1688 1678 1729 in
1706 1687 1822 1730 dicta

328 1763 446 1797 terra
475 1765 627 1798 contra
654 1757 804 1799 hostes
832 1757 970 1815 ipsius
993 1758 1095 1800 fidei
1117 1759 1332 1801 catholice
1363 1759 1589 1802 victoriam
1620 1759 1821 1801 obtinere

327 1842 407 1885 per
434 1827 623 1870 divinam
650 1829 843 1887 graciam
870 1837 1086 1888 perpetuo
1113 1830 1381 1872 duraturam.
1414 1831 1543 1885 Quod
1570 1831 1665 1873 fieri
1690 1846 1820 1888 posse

326 1898 500 1940 videtur
528 1899 727 1957 exemplo
758 1900 1020 1952 Salomonis,
1051 1917 1196 1944 veram
1224 1910 1266 1944 et
1299 1902 1434 1944 solam
1471 1902 1735 1960 sapienciam
1765 1902 1820 1944 ab

328 1971 599 2013 exercituum
637 1972 826 2013 Domino
853 1973 1135 2030 postulando,
1172 1989 1301 2032 quam
1330 1982 1555 2032 sequetur,
1597 1973 1701 2015 licet
1733 1989 1817 2015 non

327 2049 503 2099 petatur
528 2058 609 2084 nec
629 2042 721 2100 peti
745 2043 892 2094 debet,
915 2044 1009 2086 auri
1030 2053 1073 2086 et
1094 2045 1267 2104 argenti
1288 2045 1413 2103 copia
1430 2045 1529 2103 plus
1551 2061 1679 2103 quam
1699 2053 1815 2096 ante,

327 2128 408 2154 nec
435 2129 524 2155 non
550 2130 651 2156 vera
674 2131 759 2172 pax
786 2115 983 2157 cordium
1013 2124 1054 2158 et
1082 2132 1331 2174 corporum,
1362 2125 1405 2158 et
1431 2133 1512 2175 per
1542 2132 1818 2175 consequens

327 2184 533 2235 sciencie,
582 2185 894 2245 plenioresque
937 2195 1025 2230 tam
1082 2187 1402 2230 intellectuales
1451 2204 1580 2246 quam
1632 2188 1818 2231 morales

324 2264 523 2298 virtutes.

375 2508 408 2541 1.
439 2505 572 2542 Matth.
612 2507 748 2549 XXIII,
773 2510 805 2544 2.

374 2557 407 2589 2.
438 2555 542 2589 Dans
564 2536 597 2589 le
616 2558 666 2589 De
686 2558 789 2601 facto
812 2556 1119 2604 Templariorum,
1141 2556 1289 2592 Dubois
1311 2558 1434 2604 ajoute
1455 2559 1475 2592 a
1496 2564 1590 2592 cette
1612 2569 1813 2604 argumen—

328 2603 444 2636 tation
468 2615 539 2636 une
561 2604 742 2638 anecdote
761 2618 767 2637 z
799 2618 817 2638 «
840 2605 941 2638 Pour
962 2618 1001 2639 ce
1024 2605 1170 2652 requist
1191 2606 1367 2652 nagaires
1392 2607 1425 2639 le
1446 2612 1585 2640 mestre
1607 2606 1652 2639 de
1673 2606 1813 2640 l‘ordre

326 2651 393 2683 des
416 2651 675 2684 Prescheours
708 2664 755 2685 au
789 2664 884 2697 pape
915 2664 986 2698 que
1017 2653 1042 2686 il
1074 2665 1119 2686 ne
1153 2653 1306 2687 baillast
1342 2653 1526 2699 prelation
1561 2666 1579 2686 a
1600 2654 1665 2687 nul
1684 2654 1728 2687 de
1752 2665 1813 2687 ses

325 2698 457 2737 freres,
483 2710 576 2744 quar
596 2711 641 2731 en
663 2705 747 2732 cent
775 2699 861 2732 bien
893 2711 1124 2734 conversans
1156 2701 1228 2734 l'en
1250 2701 1398 2746 porroit
1420 2706 1584 2740 trouver,
1610 2701 1641 2734 si
1660 2713 1764 2734 come
1785 2700 1811 2735 il

325 2745 350 2778 li
385 2745 473 2784 dist,
507 2759 525 2779 a
557 2746 669 2791 poine
701 2759 749 2779 un
785 2746 872 2780 bien
907 2754 1133 2781 couversant
1164 2760 1210 2782 en
1243 2748 1388 2782 l'enour
1420 2753 1456 2781 et
1482 2760 1521 2782 es
1549 2747 1738 2781 richesses
1766 2749 1811 2782 de

324 2793 561 2838 prelacions;
592 2792 637 2827 de
671 2794 747 2827 eelz
769 2795 907 2840 prelaz,
943 2807 1014 2841 que
1046 2807 1117 2841 que
1150 2807 1216 2829 eus
1247 2795 1461 2842 preschent,
1496 2795 1571 2829 l’on
1599 2795 1695 2830 croit
1724 2801 1810 2841 trop

325 2839 410 2885 plus
433 2840 465 2873 le
489 2840 553 2874 fait
573 2854 643 2886 que
666 2842 720 2874 les
744 2842 938 2887 pai-oles...
962 2856 978 2875 >³
997 2842 1163 2888 (Notices
1185 2849 1217 2877 et
1238 2843 1409 2883 extraics,
1431 2843 1501 2877 loc.
1526 2843 1602 2884 cit.,
1626 2855 1662 2889 p.
1688 2843 1783 2888 179).
