1942 3242
206 222 264 254 DE
296 221 716 254 RECUPERATIONE
749 221 910 252 TERRE
944 220 1142 252 SANCTE.
1169 238 1204 242 —
1236 220 1523 252 APPENDICE.
1556 220 1615 252 135

123 310 233 352 cinis
253 319 296 353 et
322 310 592 353 ornamentis
620 309 856 352 moderatis
877 308 1120 367 gaudentes
1142 310 1187 351 in
1208 311 1387 351 Terram
1411 310 1615 352 Sanctam

121 389 164 423 et
190 382 296 424 alias
326 382 532 441 regiones
560 382 874 424 transmarinas
906 397 1004 423 cum
1031 381 1242 439 impensis
1276 381 1330 423 ad
1356 381 1467 422 viam
1495 379 1615 422 suffi-

121 452 356 503 cientibus,
388 454 445 496 ita
474 453 593 512 quod
620 453 927 495 decedentium
949 453 1079 502 bona,
1105 452 1300 510 quandiu
1321 453 1367 494 in
1395 452 1461 494 via
1481 452 1548 493 vel
1571 453 1615 494 in

121 524 402 582 expeditione
438 540 657 567 armorum
685 524 864 573 fuerint,
899 523 1094 565 totaliter
1127 523 1439 581 superstitibus
1473 523 1615 581 appli-

122 603 293 645 centur,
310 596 416 638 utin
439 596 675 638 utilitatem
695 595 997 652 expedicionis
1017 593 1365 636 convertantur¹.
1392 594 1466 637 Sic
1488 609 1614 653 reges

119 666 373 717 orientales,
389 667 426 709 si
444 683 595 725 pacem
617 667 808 708 habeant
828 682 907 723 per
928 665 1077 723 plures
1099 681 1252 715 ann05‚
1279 665 1386 707 citra
1410 681 1542 715 mare,
1573 675 1615 707 et

118 737 162 778 in
195 737 346 796 Cipro,
371 746 414 780 et
441 738 486 780 in
514 740 649 781 Terra
676 737 982 796 promissionis
1012 752 1194 794 magnos
1220 737 1451 778 thesauros
1479 737 1614 778 habe-

117 808 243 858 bunt,
278 809 336 851 ita
369 809 503 867 quod,
542 809 802 851 adveniente
833 808 1139 857 neccessitate,
1178 808 1343 849 nullam
1386 808 1614 866 penuriam

117 880 365 937 patientur3
404 881 536 922 immo
568 897 621 923 ex
647 880 852 922 omnibus
879 880 1078 937 partibus
1106 879 1151 921 in
1184 880 1344 938 quibus
1376 879 1614 938 Templarii

116 951 231 993 bona
259 952 496 1003 habebant,
539 951 717 994 fortium
743 960 1038 1010 pugnatorum
1066 967 1299 993 succursus
1330 967 1427 993 cum
1458 967 1614 1010 magna

119 1022 403 1066 multitudine
443 1032 486 1066 et
524 1040 742 1066 armorum
780 1023 903 1081 copia
941 1023 1086 1064 veniet
1119 1023 1298 1064 eisdem.
1341 1023 1437 1065 Fiet
1483 1023 1613 1065 etiam

116 1095 349 1137 conventio
378 1095 497 1154 quod
525 1095 721 1154 ipsorum
762 1111 888 1153 reges
919 1111 1036 1136 nunc
1073 1094 1126 1136 de
1163 1111 1273 1136 novo
1307 1094 1530 1136 statuendi
1567 1111 1612 1137 se

113 1165 299 1208 invicem
330 1166 599 1224 adjuvabunt
633 1166 686 1208 de
720 1166 851 1208 certis
885 1166 1078 1208 numeris
1105 1174 1416 1225 pugnatorum,
1447 1182 1611 1224 suaque

112 1237 284 1295 navigia
317 1237 401 1279 sibi
441 1238 626 1280 invicem
667 1237 1068 1287 communicabunt,
1102 1245 1145 1278 et
1183 1237 1227 1278 in
1255 1237 1340 1278 hiis
1362 1236 1467 1278 locis
1502 1238 1610 1279 mari

78 1310 85 1315 ⁰
111 1308 340 1365 proximis,
361 1309 405 1351 in
428 1310 589 1368 quibus
602 1309 781 1351 meliora
798 1309 915 1368 ligna
940 1309 1064 1367 quasi
1085 1325 1166 1367 pro
1187 1308 1353 1350 nichilo
1371 1309 1606 1359 habentur,

109 1379 257 1437 galeas
279 1388 321 1422 et
349 1396 479 1422 naves
506 1381 601 1423 fieri
630 1381 948 1438 procurabunt,
986 1396 1065 1438 per
1096 1396 1203 1438 quas
1232 1379 1394 1422 ferrum
1428 1389 1471 1422 et
1504 1380 1608 1422 alias

109 1467 179 1492 res
207 1467 358 1493 versus
393 1452 740 1510 septentrionem
768 1451 1091 1501 habundantes,
1127 1467 1174 1494 ac
1201 1468 1352 1493 versus
1380 1451 1607 1493 meridiem

109 1538 228 1564 raras
257 1531 299 1564 et
318 1539 457 1573 caras,
489 1523 593 1565 illuc
620 1539 700 1581 per
721 1523 975 1581 hujusmodi
1002 1523 1174 1582 navigia
1201 1523 1362 1565 sacient
1383 1523 1606 1580 deportari

109 1609 206 1635 cum
235 1594 383 1644 armis,
406 1611 492 1652 que
510 1594 614 1636 illuc
636 1611 722 1636 non
752 1603 933 1653 possent
961 1594 1188 1636 commode
1211 1603 1254 1636 et
1276 1594 1328 1636 de
1351 1594 1465 1636 facili
1484 1610 1605 1652 repe-

108 1665 202 1715 riri,
234 1673 277 1707 et
312 1682 410 1707 cum
446 1666 543 1708 aliis
572 1667 703 1708 rebus
745 1666 799 1708 ad
832 1666 945 1708 bene
983 1666 1215 1708 vivendum
1247 1674 1289 1708 et
1319 1666 1605 1724 pugnandum

108 1736 454 1780 conferentibus.
488 1737 565 1780 Illa
587 1738 717 1779 etiam
738 1753 838 1779 vasa
859 1745 1128 1796 pugnatores
1149 1738 1405 1795 portabunt,
1431 1745 1474 1779 et
1493 1745 1620 1778 tem-v

107 1823 215 1866 pore
245 1809 382 1867 pacis,
422 1825 477 1851 ne
515 1809 603 1851 sint
635 1810 788 1860 ociosi,
823 1810 993 1867 species
1032 1809 1290 1851 aromaticas
1320 1818 1363 1851 et
1399 1825 1468 1850 res
1499 1809 1603 1850 alias

107 1879 236 1921 nobis
262 1880 392 1922 utiles
411 1880 736 1939 reportabunt2.

170 2023 216 2068 7.
254 2023 300 2066 Si
330 2024 427 2081 quis
462 2032 604 2066 autem
636 2024 752 2065 dicat
778 2024 909 2066 nimis
940 2023 1117 2066 difficile
1151 2024 1242 2066 fore
1273 2025 1531 2066 Babilonem
1560 2034 1602 2067 et

109 2095 315 2153 Egiptum
344 2095 619 2153 impugnare,
649 2095 891 2153 prudentes
920 2104 962 2137 et
988 2096 1158 2153 experti
1186 2095 1456 2154 respondent
1484 2096 1601 2154 quod

108 2181 211 2214 non,
238 2166 442 2223 quoniam
470 2166 671 2207 homines
705 2166 747 2208 in
776 2175 892 2208 terra
926 2166 998 2208 illa
1027 2167 1116 2208 nati
1145 2167 1198 2208 ad
1228 2183 1343 2209 arma
1375 2175 1476 2208 sunt
1503 2168 1601 2209 inu-

106 2236 224 2286 tiles,
255 2237 312 2279 ita
343 2237 462 2294 quod
490 2245 752 2295 reputantur
779 2238 942 2280 nullius
969 2238 1145 2287 valoris,
1177 2247 1219 2280 et
1242 2255 1319 2296 per
1347 2255 1480 2287 mare,
1512 2255 1597 2280 non

108 2308 229 2356 alias,
260 2309 423 2365 poterit
451 2309 668 2350 exercitus
699 2309 752 2350 de
783 2309 898 2351 facili
926 2310 1089 2351 intrare
1116 2327 1122 2350 :
1159 2310 1364 2367 quoniam
1395 2310 1596 2367 Egiptus,

108 2394 192 2436 que
217 2379 344 2421 durat
365 2379 408 2420 in
426 2379 559 2438 longo
580 2396 659 2437 per
679 2380 834 2438 viginti
852 2380 1008 2430 dictas,
1026 2381 1139 2423 circa
1162 2381 1307 2423 Nilum
1323 2381 1598 2422 latitudinem

107 2449 274 2491 habens
315 2459 503 2508 quatuor
542 2450 780 2503 leucarum,
829 2460 872 2493 et
909 2452 950 2493 in
989 2452 1156 2493 modica
1203 2461 1325 2509 parte
1372 2454 1595 2509 majorem,

106 2521 302 2579 undique
324 2521 588 2563 circumdata
616 2530 682 2563 est
708 2523 838 2564 terris
872 2523 1059 2564 desertis
1094 2523 1474 2573 inhabitabilibus,
1515 2540 1598 2581 quc

106 2608 195 2634 non
235 2601 415 2650 possent
448 2593 724 2650 pertransiri,
765 2594 849 2636 nisi
886 2610 1036 2637 versus
1077 2596 1253 2638 'sermm
1293 2595 1598 2654 promissionis

158 2750 188 2781 1.
219 2747 277 2782 Cf.
298 2749 506 2787 ci-dessus‚
530 2762 589 2795 pp.
614 2751 668 2787 15.
693 2751 749 2784 92.

157 2808 189 2843 2.
220 2807 275 2844 Cf.
307 2809 506 2844 ci-dessus.
534 2822 566 2857 p.
591 2811 648 2847 56.

1654 2036 1690 2061 De
1709 2035 1755 2061 l'Ei
1767 2041 1838 2071 ,γι-ιο.
