1942 3242
50 762 171 789 Mesures
187 764 203 787 ὰ
218 770 299 796 pren-

86 797 134 824 dre
171 796 237 823 dans
271 796 297 823 le

87 832 295 868 saint-Empire,

86 871 120 895 οὺ
145 868 170 895 le
195 869 298 903 regime

86 904 179 931 electis
210 909 301 931 entre-

85 940 153 967 tient
203 940 300 967 l'anar-

86 976 155 1003 chia.

320 234 359 265 12
865 237 1048 269 PIERRE
1080 238 1269 271 DUBOIS.

320 325 604 382 apostolicam
634 326 798 377 sedem,
838 343 917 385 per
948 344 1163 370 summum
1204 329 1458 386 pontificem
1495 347 1576 388 pro
1611 340 1808 391 tempore

319 396 578 439 existentem
617 398 912 440 emendandas
953 407 995 441 et
1034 400 1278 451 mutandas,
1325 410 1457 459 prout
1496 410 1539 443 et
1575 403 1610 444 si
1643 405 1809 461 justum

318 467 477 520 fuerit;
510 469 577 510 vel
612 469 648 510 si
677 486 781 520 non,
817 470 1052 512 salubriter
1086 471 1139 512 ad
1173 480 1431 530 perpetuam
1459 474 1523 515 rei
1555 476 1808 518 memoriam

319 538 639 582 confirmandas
667 549 709 583 et
735 541 781 583 in
808 542 997 584 cronicis
1025 550 1174 585 sancte
1202 559 1380 585 romane
1408 544 1593 587 ecclesie
1620 546 1808 605 inregis-

315 610 510 654 trandas.

378 759 494 808 [VIII]
538 754 617 800 13.
662 756 878 810 Quoniam
917 773 1020 798 vero
1055 758 1237 799 mutatio
1289 759 1582 801 successionis
1631 760 1809 818 Imperii

319 842 577 884 guerrarum
605 827 858 869 occasiones
888 827 1081 870 infinitas
1110 829 1154 870 in
1181 829 1438 871 Alemannia
1472 839 1670 888 prestare
1704 847 1809 873 con-

320 897 474 948 suevit,
512 898 714 940 obstante
749 898 875 940 solita
914 899 1192 957 imperatoris
1226 900 1458 950 electione,
1507 918 1590 959 que
1627 895 1810 960 propter

320 968 469 1010 solitas
500 968 742 1011 discordias
774 971 1155 1028 recuperationem
1190 980 1232 1013 et
1263 973 1640 1015 conservationem
1675 975 1809 1016 Terre

321 1040 716 1098 Sancte-impedire
741 1042 981 1092 consuevit,
1006 1058 1177 1100 paxque
1205 1043 1326 1085 firma
1356 1045 1533 1102 Imperii
1560 1045 1727 1086 romani
1755 1045 1809 1087 ad

318 1110 457 1169 ipsam
492 1112 873 1169 recuperationem
902 1122 945 1154 et
976 1114 1352 1156 conservationem
1389 1115 1626 1173 plurimum
1659 1125 1809 1174 posset

317 1182 614 1224 verisimiliter
634 1183 880 1226 subsidium
901 1184 1119 1242 impertiri
1139 1202 1147 1226 :
1179 1194 1430 1244 propterea,
1461 1187 1658 1244 pensatis
1679 1188 1808 1230 bonis

319 1270 403 1312 que
425 1253 633 1296 fecissent
654 1263 696 1296 et
717 1255 1009 1313 probabiliter
1029 1255 1185 1299 fecisse
1207 1266 1536 1315 presumuntur,
1560 1258 1807 1301 viventibus

319 1325 394 1384 qui
426 1341 542 1367 nunc
571 1335 672 1368 sunt
704 1326 973 1378 hominibus,
1011 1344 1139 1387 reges
1173 1327 1448 1380 Alemannie,
1481 1330 1516 1371 si
1548 1346 1732 1389 regnum
1767 1339 1809 1372 et

318 1397 554 1455 Imperium
584 1414 636 1439 ex
663 1398 939 1440 successione
976 1408 1207 1457 parentum
1243 1415 1341 1442 cum
1367 1401 1586 1443 thesauris
1614 1401 1698 1443 sibi
1729 1418 1808 1460 per

317 1485 391 1510 eos
413 1469 662 1519 reservatis,
689 1478 732 1511 et
754 1469 981 1512 fortaliciis
1004 1471 1238 1522 roboratis,
1264 1471 1357 1514 sine
1381 1472 1615 1514 discordiis
1633 1473 1807 1515 habuis-

317 1548 429 1590 sent,
460 1540 802 1598 interpolatione
828 1541 1142 1600 vacationeque
1165 1542 1363 1593 dominii,
1394 1543 1526 1586 immo
1548 1544 1808 1586 obediencie

317 1611 718 1654 discontinuatione
765 1629 1026 1672 quacunque
1071 1622 1296 1667 eessante3
1346 1615 1634 1657 consideratis
1678 1616 1807 1658 etiam

316 1683 445 1725 bonis
490 1699 574 1742 que
621 1684 970 1727 dicunturolim
1017 1686 1306 1744 imperatores
1349 1685 1505 1728 fecisse
1551 1687 1807 1746 priusquam

317 1763 464 1797 exorta
487 1755 632 1798 forent
659 1756 972 1814 impedimenta
1001 1757 1238 1809 moderna3
1263 1758 1411 1808 immo,
1437 1766 1484 1800 ut
1505 1774 1676 1800 cessare
1703 1774 1807 1817 pos-

317 1827 404 1868 sint
425 1843 583 1886 guerre
612 1843 845 1886 corporum
867 1837 910 1870 et
937 1829 1176 1870 animarum
1198 1830 1462 1887 perniciose,
1486 1838 1668 1888 propter
1690 1830 1807 1889 cupi-

318 1898 476 1940 ditates
513 1899 567 1940 ad
603 1915 789 1958 regnum
823 1915 871 1942 ac
901 1901 1138 1958 Imperium
1171 1901 1395 1959 aspirandi
1428 1901 1555 1943 solite
1586 1902 1804 1954 suboriri3

318 1970 464 2020 immo,
492 1978 537 2011 ut
559 1987 611 2012 ex
629 1987 766 2029 regno
789 1987 837 2013 ac
857 1972 1047 2030 Imperio
1071 1972 1304 2030 prosiliant
1326 1972 1520 2014 subsidia
1541 1973 1729 2031 plurima
1743 1989 1807 2015 re·

318 2041 613 2098 cuperationis
654 2051 697 2083 et
730 2043 1076 2084 conservationis
1110 2045 1244 2086 Terre
1277 2045 1453 2094 Sancte,
1483 2044 1807 2103 multorumque

316 2113 623 2170 temporalium
667 2113 943 2171 profectuum
988 2130 1072 2172 que
1117 2115 1246 2156 nobis
1292 2131 1343 2157 ex
1382 2115 1476 2173 ipsa
1520 2116 1806 2174 provenirent

313 2183 495 2241 jamdiu,
541 2184 687 2243 gravia
721 2184 908 2243 dampna
945 2194 1151 2227 consueta
1189 2186 1422 2238 victando;
1465 2187 1714 2245 presertim,
1753 2203 1806 2228 ne

316 2263 468 2312 pereat
495 2255 680 2313 amplius
704 2256 819 2297 salus
841 2265 883 2298 et
903 2257 1106 2298 exaltatio
1129 2257 1388 2315 reipublice,
1419 2259 1546 2316 regni
1567 2266 1610 2300 et
1631 2258 1804 2316 Imperii

315 2334 402 2367 tam
445 2327 659 2368 nobilium
698 2328 977 2385 populorum,
1022 2336 1195 2385 petatur
1237 2328 1494 2370 Alemannie
1533 2345 1717 2388 regnum
1759 2345 1807 2370 ac

317 2398 552 2455 Imperium
588 2398 835 2440 confirmari
872 2399 965 2458 regi
993 2399 1220 2450 moderno,
1262 2416 1427 2458 sueque
1460 2409 1674 2458 perpetuo
1707 2408 1806 2458 post

316 2468 459 2526 ipsum
487 2470 750 2527 posteritati,
782 2479 964 2528 propter
984 2470 1234 2513 victandum
1254 2472 1506 2513 scandalum
1528 2471 1807 2529 sopiendum-

318 2555 402 2597 que
434 2541 718 2598 cupiditatem
752 2542 1007 2592 electorum,
1039 2542 1183 2600 aliqua
1217 2541 1647 2601 recompensatione¹
1676 2558 1807 2600 super

365 2742 397 2774 1.
427 2741 546 2779 Voici‚
581 2742 729 2787 d'apres
760 2743 793 2776 le
824 2743 1003 2776 memoire
1032 2744 1076 2777 de
1107 2745 1210 2783 1308,
1236 2745 1267 2777 le
1295 2749 1465 2777 montant
1494 2744 1539 2777 de
1570 2744 1603 2777 la
1626 2756 1804 2789 compen-

318 2788 439 2821 sation
478 2789 540 2834 qui
579 2790 779 2834 pai-aissait
819 2790 1048 2825 convenable
1087 2791 1106 2824 a
1147 2791 1306 2825 l'auteur
1337 2804 1344 2824 ε
1381 2804 1399 2824 ι(
1430 2790 1611 2824 Dabimus
1652 2791 1807 2825 cuilibet

316 2842 483 2870 vestrum
504 2838 719 2872 comitatum
740 2850 865 2878 unum,
890 2838 960 2878 vel,
986 2838 1017 2873 si
1045 2851 1119 2873 non
1149 2839 1224 2874 sint
1245 2838 1444 2873 comitatus
1466 2838 1605 2885 magni,
1626 2839 1722 2873 duos
1741 2839 1803 2887 qui
