1942 3242
427 238 486 271 DE
522 237 948 271 RECUPERATIONE
982 236 1147 274 'I'ERRE
1181 235 1382 268 SANCTE.
1600 234 1639 267 83

147 327 521 378 instruendarum,
547 344 730 386 quarum
758 343 856 370 cum
882 327 1146 370 monialibus
1166 333 1315 367 tantus
1337 325 1393 367 sit
1412 340 1637 374 numeruS‚

148 397 296 457 legere
318 407 361 441 et
383 407 559 442 cantare
588 400 837 449 scientium,
869 397 989 457 quod
1016 397 1210 439 divinum
1238 396 1470 438 servicium
1500 395 1642 437 nulla-

148 478 276 512 tenus
314 471 551 521 minuatur,
597 471 682 513 nisi
724 487 803 529 per
831 469 1174 512 abreviationem
1202 467 1256 509 ad
1298 468 1436 509 instar
1474 467 1643 509 ordinis

150 541 498 584 predicatorum.
531 544 667 584 Dotes
694 542 824 599 hujus
853 540 1108 583 monasterii
1128 556 1207 598 per
1237 539 1470 598 magistros
1498 539 1645 596 hujus-

152 613 271 655 modi
298 613 486 655 salubris
519 613 784 671 provisionis
812 612 1132 661 custodiantur,
1164 610 1480 661 defendantur;
1513 626 1564 652 ex
1585 610 1646 652 eis

150 684 290 726 victus
312 693 580 743 competens,
606 685 720 726 sicut
740 684 843 726 olim
865 683 1129 725 monialibus
1148 690 1191 724 et
1214 698 1360 724 earum
1387 682 1644 740 majoribus,

153 756 427 798 cessantibus
473 755 753 798 evitabilibus
808 754 1020 814 impensis
1068 762 1111 796 et
1156 753 1455 812 supervacuis,
1502 753 1648 795 minis-

152 835 308 869 tretur.
339 827 490 870 Puelle
512 826 748 877 seculares,
775 843 860 885 que
883 825 1126 868 scolasticis
1150 824 1381 867 intendent
1402 824 1650 882 disciplinis

153 898 393 940 secundum
421 898 746 957 ordinationem
773 897 1084 956 magistrorum
1112 896 1395 954 provisionis,
1426 895 1652 937 matutinis

153 970 274 1012 horis
319 970 544 1012 canonicis
583 978 626 1011 et
661 969 891 1011 missarum
931 968 1349 1026 sollempnitatibus,
1397 967 1543 1025 quoad
1572 967 1654 1008 hec

154 1041 376 1099 parcendo
403 1041 639 1091 docilibus,
671 1041 893 1083 intersint.
927 1042 1011 1083 Per
1043 1039 1161 1081 hunc
1194 1039 1395 1081 ultimum
1424 1038 1655 1080 articulum

155 1112 421 1170 provisionis
466 1112 600 1154 multa
635 1112 746 1154 mala
783 1112 1019 1154 cessabunt
1056 1127 1141 1169 que
1168 1110 1264 1152 fieri
1301 1118 1652 1162 consueverunt3

155 1183 388 1242 presertim
409 1183 623 1226 moniales
645 1183 758 1225 datis
780 1183 981 1241 pecuniis
1010 1199 1085 1224 seu
1103 1182 1351 1224 redditibus
1373 1198 1452 1239 per
1471 1197 1655 1223 conven-

155 1255 320 1297 tionem
349 1255 622 1313 recipiendo‚
661 1271 740 1313 per
779 1254 1092 1296 conventiones
1125 1253 1302 1295 illicitas
1339 1253 1582 1295 abbatissas
1616 1260 1657 1294 et

156 1327 390 1384 priorissas
419 1321 642 1385 eligendo,
673 1326 888 1384 pluraque
923 1325 1081 1367 delicta
1109 1325 1323 1366 naturalia
1351 1333 1393 1366 et
1421 1323 1656 1382 aliquando

158 1413 246 1439 non
269 1397 483 1439 naturalia
497 1396 854 1448 committendo¹3
880 1396 1042 1454 fietque
1065 1396 1297 1438 servicium
1325 1396 1520 1438 divinum
1544 1395 1656 1437 sicut

158 1468 262 1510 olim
290 1469 334 1510 in
362 1469 640 1510 monasteriis
663 1477 706 1510 et
735 1468 850 1510 ultra
874 1484 952 1526 per
979 1467 1148 1526 puellas
1177 1484 1197 1509 a
1226 1467 1503 1510 monasteriis
1535 1482 1656 1508 rece-

159 1539 313 1581 dentes
342 1539 603 1597 coadjuvent
624 1541 731 1597 (sic),
753 1548 796 1581 et
819 1539 1053 1597 plusquam
1075 1547 1274 1581 trecenta
1301 1539 1418 1580 milia
1446 1539 1656 1589 librarum

160 1611 468 1653 turonensium
525 1610 865 1669 applicabuntur
916 1610 1117 1668 predicto
1170 1610 1368 1652 subsidio
1421 1610 1657 1652 salubriter

161 1682 411 1734 annuatim;
441 1691 485 1724 et
512 1682 547 1723 si
570 1682 680 1740 quid
698 1682 751 1724 de
780 1698 947 1724 summa
967 1690 1087 1723 tanta
1109 1682 1335 1732 defecerit,
1364 1681 1560 1739 suppleri
1582 1697 1655 1739 po-

160 1753 264 1795 terit
294 1753 462 1796 fructus
493 1762 536 1795 et
562 1762 800 1811 proventus
830 1753 1063 1795 multarum
1094 1753 1325 1812 pinguium
1353 1753 1652 1803 ecclesiarum,

163 1841 345 1883 quarum
367 1833 550 1883 patrone
578 1833 694 1875 sunt,
725 1825 927 1866 deductis
947 1824 1209 1866 vicariorum
1237 1825 1464 1882 impensis,
1491 1824 1655 1866 eisdem

162 1896 506 1954 appropriando,
526 1905 625 1954 post
641 1896 847 1938 decessus
869 1896 1114 1938 tenentium
1128 1897 1172 1938 in
1186 1896 1397 1954 presenti.
1416 1922 1474 1927 —
1499 1896 1544 1938 Si
1559 1896 1656 1954 quis

162 1983 280 2017 vero,
312 1967 522 2009 suadente
544 1967 760 2025 Dyabolo,
791 1967 1087 2025 provisionem
1114 1968 1228 2009 hanc
1255 1967 1513 2025 impugnare
1546 1975 1656 2009 tam—

164 2054 292 2095 quam
315 2038 452 2080 malus
469 2038 648 2091 nitatur,
668 2038 819 2080 dicens
842 2055 894 2080 ex
920 2038 992 2080 illa
1015 2038 1123 2080 mala
1140 2038 1329 2096 plurima
1348 2047 1654 2096 sequerentur,

163 2109 225 2150 sic
246 2125 325 2167 per
352 2109 668 2167 impossibilem
689 2117 731 2151 et
758 2109 992 2151 absurdam
1014 2110 1360 2160 conclusionem,
1394 2127 1480 2152 non
1509 2118 1658 2152 osten-

163 2180 310 2230 tivam,
326 2180 539 2222 rationem
553 2180 913 2231 demonstrando,
934 2181 1196 2238 responderi
1212 2190 1359 2239 potest
1374 2180 1659 2223 concedendo

167 2251 285 2309 quod
307 2251 484 2309 aliquod
512 2252 675 2294 bonum
698 2252 824 2310 plura
846 2252 957 2294 mala
979 2252 1104 2310 sequi
1125 2252 1344 2303 videntur,
1376 2268 1456 2294 nec
1478 2261 1661 2310 propter

166 2323 250 2364 hoc
269 2323 374 2380 quin
398 2322 470 2364 fiat
498 2322 630 2365 debet
656 2323 845 2365 obmitti.

227 2394 445 2447 Quoniam
489 2394 680 2451 planum*
708 2403 788 2444 est,
837 2403 883 2436 ut
929 2410 1060 2452 supra
1094 2403 1258 2436 tactum
1295 2394 1391 2445 fuit,
1422 2394 1662 2436 secundum

169 2465 364 2507 omnium
387 2465 753 2522 philosophorum
785 2482 917 2523 super
954 2466 1035 2507 hec
1072 2465 1346 2524 loquentium
1380 2466 1660 2524 oppiniones,

170 2535 289 2593 quod
312 2536 480 2578 nullum
514 2536 759 2593 perfectum
794 2537 958 2578 bonum
987 2545 1133 2594 potest
1160 2537 1232 2579 hic
1266 2537 1448 2579 inferius
1481 2537 1664 2595 reperiri

222 2738 255 2770 1.
285 2735 357 2770 Sur
377 2736 432 2770 les
451 2749 588 2770 nioeurs
609 2737 702 2770 dans
725 2737 779 2770 les
801 2738 1037 2771 monasteres
1062 2738 1107 2771 de
1129 2737 1283 2772 femmes
1312 2751 1356 2772 au
1379 2747 1459 2772 xme
1482 2739 1608 2779 siecle,
1631 2751 1665 2772 v.

176 2781 436 2831 Bibliothe‘que
458 2783 501 2818 de
522 2782 658 2818 l'Ecole
678 2782 742 2818 des
766 2784 931 2825 Char-tes,
958 2786 1062 2829 1846,
1092 2798 1127 2830 p.
1159 2786 1225 2820 495
1256 2786 1314 2831 (L.
1338 2786 1494 2825 Delisle‚
1518 2786 1667 2832 d'apres

174 2830 210 2863 le
232 2830 393 2876 registro
416 2831 581 2865 d'Eudes
602 2831 775 2876 Rigaud).
