1942 3242
334 209 375 242 50
598 239 604 243 ,
885 208 1066 241 PIERRE
1098 207 1289 240 DUBOIS.

335 307 515 361 tuantur
555 299 642 342 duo
678 298 746 341 vel
791 298 919 356 plura
966 297 1111 340 studia
1148 313 1386 355 puerorum
1425 305 1467 339 et
1515 297 1606 339 fere
1643 297 1827 340 totidem

336 370 596 428 puellarum,
638 371 715 428 qui
751 370 970 429 eligantur
1007 377 1055 429 ut
1092 368 1258 411 ibidem
1309 369 1582 410 instruantur
1626 369 1669 411 in
1713 376 1827 411 etate

337 451 525 500 quatuor
554 441 620 484 vel
651 441 846 500 quinque
875 456 1119 492 annorum;
1154 439 1375 498 eligantur
1412 439 1618 482 videlicet
1644 456 1724 498 per
1751 440 1829 483 ali-

336 530 466 572 quem
521 514 763 571 sapientem
808 512 1146 570 philosophum,
1202 511 1536 569 dispositionem
1589 511 1831 554 naturalem

336 585 619 626 verisimilem
651 584 704 626 ad
734 583 1053 642 perficiendum
1081 582 1322 624 secundum
1352 582 1597 624 doctrinam
1639 582 1831 640 philoso—

337 657 511 714 phicam
540 663 897 715 cognoscentem.
923 654 990 696 Ad
1011 655 1093 696 hec
1114 662 1391 696 assumantur
1408 653 1580 695 nobiles
1602 654 1831 712 utriusque

338 743 481 778 sexus,
531 728 567 769 si
613 736 657 769 et
698 734 914 785 quatenus
958 726 1265 777 invenientur3
1314 724 1596 783 postmodum
1636 725 1710 767 alii
1756 725 1831 783 qui

338 799 546 841 continue
577 798 834 848 doceantur,
875 797 1117 840 secundum
1145 796 1326 838 formam
1356 796 1471 838 infra
1498 796 1721 854 scriptam,
1753 812 1832 855 per

338 870 657 928 prudenciores
697 868 965 918 mutandam,
1005 867 1318 926 perficiendam
1359 875 1402 909 et
1442 867 1702 926 augendam.
1746 867 1832 922 Qui

339 942 419 983 sub
446 941 524 984 tali
551 941 648 1000 lege
683 949 963 982 assumentur
997 939 1117 998 quod
1146 954 1368 997 nonquam
1406 938 1459 981 de
1496 946 1644 980 cetero
1677 954 1832 997 paren-

338 1013 456 1055 tibus
486 1013 576 1055 suis
597 1012 856 1062 reddentur,
876 1011 962 1053 nisi
988 1026 1139 1052 omnes
1155 1010 1375 1068 impensas
1396 1018 1578 1068 propter
1606 1026 1680 1052 eos
1698 1009 1831 1052 factas

339 1101 417 1143 pre
444 1084 645 1126 manibus
669 1083 960 1125 reddiderint.
980 1081 1067 1124 Alii
1089 1081 1142 1123 de
1159 1081 1306 1123 studio
1329 1081 1373 1122 in
1390 1081 1583 1123 studium
1603 1081 1833 1123 mittentur

340 1164 382 1198 et
409 1156 583 1198 demum
616 1155 660 1197 in
696 1156 875 1197 Terram
905 1155 1109 1197 Sanctam
1142 1161 1184 1194 et
1217 1153 1261 1194 in
1295 1152 1401 1194 alias
1437 1153 1658 1212 regiones,
1701 1160 1833 1210 prout

341 1236 488 1269 sancta
516 1242 694 1269 romana
721 1226 908 1268 ecclesia
941 1241 1021 1283 per
1054 1224 1288 1283 deputatos
1318 1223 1373 1266 ad
1398 1224 1482 1265 hoc
1510 1223 1684 1265 duxerit
1712 1223 1833 1266 ordi-

342 1286 550 1341 nandum.
583 1292 669 1353 Qui
704 1297 932 1340 studentes
960 1304 1003 1338 et
1030 1312 1181 1338 eorum
1219 1295 1422 1337 doctores
1449 1295 1595 1336 vivent
1623 1295 1676 1337 de
1704 1295 1834 1337 bonis

343 1371 562 1412 dictorum
582 1370 856 1427 prioratuum
879 1376 922 1410 et
953 1367 1007 1410 de
1028 1367 1156 1409 bonis
1185 1366 1385 1425 predicte
1411 1366 1678 1424 provisionis
1700 1368 1835 1408 Terre

346 1444 521 1492 Sancte,
547 1449 679 1499 prout
699 1440 898 1499 magistri
915 1438 1196 1497 provisioniS‚
1222 1454 1244 1479 a
1265 1437 1500 1495 metropoli
1521 1437 1718 1479 locorum
1737 1453 1834 1479 cum

346 1512 531 1555 consilio
567 1512 810 1570 peritorum
843 1509 1220 1569 suffraganeorum
1262 1508 1407 1558 electi,
1451 1508 1607 1550 melius
1643 1508 1835 1550 viderint

346 1584 571 1643 expedire.

80 1743 118 1768 nu
140 1715 219 1769 eours
238 1741 324 1788 fram-
405 1727 488 1773 61.
512 1727 589 1770 Isti
611 1742 762 1769 omnes
783 1726 925 1784 primo
946 1725 991 1767 in
1006 1724 1155 1784 lingua
1178 1724 1327 1774 latina,
1347 1723 1392 1765 in
1407 1731 1579 1765 tantum
1595 1722 1716 1781 quod
1737 1737 1835 1764 eam

114 1777 236 1846 gffssm‘ffu
247 1787 280 1805 ⁰⁰
309 1787 326 1814 y
349 1799 618 1842 sufficienter
644 1797 910 1856 intelligant,
934 1796 1002 1839 vel
1033 1804 1132 1838 ante
1153 1795 1366 1854 paulatim
1395 1797 1506 1850 (sie)
1530 1795 1831 1844 instruantur;

347 1870 715 1930 postmodumque.
742 1868 917 1927 plenius
951 1867 1127 1926 quidam
1157 1883 1308 1908 eorum
1331 1867 1374 1908 in
1402 1866 1551 1925 lingua
1583 1881 1728 1923 greca,
1762 1863 1835 1906 alii

347 1944 388 1986 in
433 1942 621 1991 arabica,
662 1950 705 1982 et
739 1941 801 1982 sic
838 1939 892 1981 de
926 1939 1020 1981 aliis
1059 1938 1354 1996 ydiomatibus
1392 1937 1612 1986 litteratis,
1653 1936 1836 1978 maxime

346 2030 448 2055 vero
491 2012 823 2061 catholicorum,
860 2019 906 2052 ut
946 2010 1119 2052 demum
1165 2025 1243 2068 per
1276 2010 1399 2058 istos,
1446 2009 1490 2051 in
1530 2007 1753 2066 loquendo
1793 2015 1836 2048 et

347 2084 583 2127 scribendo
611 2082 852 2125 secundum
880 2081 1053 2140 linguas
1087 2081 1280 2122 omnium
1315 2081 1571 2129 instructos,
1598 2078 1835 2121 communi-

347 2173 444 2198 care
484 2156 625 2213 possit
657 2170 736 2212 per
769 2154 890 2211 ipsos
921 2152 1105 2194 ecclesia
1143 2167 1318 2193 romana
1355 2167 1402 2192 ac
1439 2151 1569 2193 etiam
1610 2150 1836 2208 principes

347 2227 553 2270 catholici
574 2242 670 2268 cum
699 2225 902 2267 omnibus
924 2223 1194 2273 hominibus,
1214 2223 1332 2280 ipsos
1355 2222 1409 2264 ad
1424 2222 1553 2263 fidem
1577 2220 1836 2263 catholicam

347 2307 389 2341 et
421 2299 634 2340 unitatem
670 2298 764 2354 ejus
799 2295 954 2354 capitis
996 2293 1274 2336 attrahendo.
1309 2294 1374 2335 Ex
1405 2309 1521 2335 nunc
1561 2299 1838 2335 assumantur

344 2373 527 2428 juvenes
555 2369 600 2410 in
628 2368 864 2427 gramatica
885 2365 1107 2415 instructi,
1132 2365 1178 2406 in
1199 2381 1286 2422 quo
1303 2364 1505 2422 juniores
1526 2363 1805 2422 preferantur
1823 2379 1833 2412 3

349 2442 384 2483 si
415 2442 503 2483 sint
537 2440 671 2498 aliqui
712 2439 756 2480 in
787 2438 928 2497 logica
968 2437 1188 2486 instructi,
1231 2444 1354 2478 tanto
1386 2435 1616 2484 meliores;
1651 2448 1837 2492 quorum

349 2513 484 2570 aliqui
512 2512 598 2553 cito
626 2512 670 2552 in
698 2509 894 2552 articulis
922 2508 1039 2558 fidei,
1072 2516 1115 2549 et
1143 2507 1443 2556 sacramentis,
1476 2505 1624 2550 Veteri
1652 2513 1696 2546 et
1716 2505 1837 2546 Novo

350 2586 630 2626 Testamento
662 2583 959 2630 instruantur;
995 2587 1041 2620 ut
1074 2579 1294 2628 instructi,
1332 2594 1459 2636 quam
1493 2576 1680 2635 primum
1709 2583 1839 2617 erunt

351 2657 457 2714 apti,
483 2655 711 2695 mittantur
737 2653 780 2694 in
811 2651 970 2693 dictam
1002 2652 1180 2692 Terram
1209 2657 1390 2708 propter
1419 2663 1566 2690 curam
1598 2647 1838 2688 animarum

353 2725 607 2785 gerendam,
633 2733 680 2766 ut
707 2723 761 2766 ad
789 2722 1083 2765 sacerdotium
1105 2727 1470 2779 promoveantur3
1496 2718 1549 2760 de
1571 2718 1680 2776 ipsis
1702 2717 1838 2759 eccle-

355 2798 428 2840 siis
457 2806 499 2839 et
526 2795 690 2855 populo
709 2794 1006 2853 provideatur.
1032 2792 1118 2835 Alii
1142 2793 1416 2834 instruantur
1437 2790 1481 2832 in
1505 2789 1741 2840 medicina,
1766 2788 1839 2830 alii
