1942 3242
96 334 135 359 Du
145 332 202 359 rele
215 332 263 359 des
273 332 341 359 fem-

130 378 187 396 mes
218 368 284 396 dans
318 370 343 396 la

131 406 214 431 Terre
251 404 342 432 Sainte

130 441 298 476 reconquiue.

92 1640 175 1669 D'nne
200 1642 273 1670 §eolo
295 1652 340 1671 su—

125 1679 259 1714 perieure,
279 1679 337 1715 pla-

125 1716 172 1741 cfie
182 1723 215 1741 an
225 1721 338 1743 sommet

125 1749 158 1776 de
188 1750 214 1777 la
233 1751 335 1778 hierar-

124 1786 182 1812 chie
193 1786 240 1812 des
247 1787 335 1814 eccles

124 1821 156 1848 de
174 1821 295 1857 languea.

360 233 400 265 52
587 258 591 262 .
907 231 1088 266 PIERRE
1117 231 1306 266 DUBOIS.

363 322 562 364 sionibus
607 322 710 373 illis,
758 338 843 381 que
879 337 958 380 per
1012 321 1244 364 consilium
1295 321 1527 365 mulierum
1582 323 1851 368 induxerunt

365 393 660 444 Salomonem,
709 409 924 436 summum
964 394 1222 451 sapientem,
1271 392 1326 435 ad
1369 393 1720 452 ydolatrandum.
1765 398 1850 439 Iste

362 473 545 523 propter
562 473 680 507 terre
699 464 855 507 natalis
876 463 1153 507 affectionem
1180 473 1471 523 procurarent
1495 465 1652 509 multas
1682 467 1850 526 puellas

363 535 416 578 de
452 536 705 594 hujusmodi
734 536 986 594 provisione
1021 535 1265 578 studiorum
1295 552 1392 578 cum
1423 535 1523 578 filiis
1553 538 1643 580 suis
1679 547 1722 580 et
1754 539 1851 582 aliis

360 615 478 650 terre
491 608 730 666 majoribus
742 608 952 658 maritari,
967 608 1201 666 presertim
1213 623 1311 650 cum
1330 607 1502 650 clericis
1518 608 1572 651 ad
1583 609 1851 667 prelationes

362 679 660 731 assumendis3
685 679 768 722 iste
804 678 1054 737 capellanos
1088 678 1318 730 haberent,
1355 679 1597 722 secundum
1625 681 1758 723 ritum
1785 698 1851 725 ro-

362 766 537 793 manum
577 750 851 793 celebrantes
887 759 930 792 et
959 758 1214 802 cantantes3
1251 749 1417 793 incolas
1453 750 1629 794 illorum
1656 752 1851 796 locorum

362 821 416 864 ad
444 823 574 864 ritum
596 838 822 865 romanum
849 838 929 880 per
955 822 1040 864 hoc
1067 821 1329 864 inducentes
1356 822 1581 880 paulatim,
1618 825 1851 882 presertim

362 893 567 935 mulieres
608 894 767 952 quibus
807 893 890 935 iste
921 909 1001 952 per
1033 893 1288 935 exercitium
1325 893 1542 936 medicine
1577 903 1621 936 et
1650 897 1851 956 cerurgie

362 965 663 1016 subvenirent,
686 964 920 1023 presertim
939 964 984 1006 in
1007 964 1188 1006 secretis
1210 964 1539 1007 infirmitatibus
1561 974 1604 1008 et
1630 968 1850 1010 neccessi-

360 1036 524 1079 tatibus
546 1052 693 1079 earum
712 1054 722 1089 ;
748 1037 1007 1096 contingere
1028 1051 1117 1078 non
1139 1043 1290 1094 posset
1309 1036 1607 1079 verisimiliter
1633 1038 1739 1096 quin
1767 1039 1850 1082 iste

362 1107 603 1150 nobiliores
624 1116 668 1150 et
689 1107 870 1150 ditiores
892 1107 987 1150 aliis
1009 1107 1237 1158 matronis,
1262 1107 1480 1149 medicine
1507 1117 1550 1150 et
1578 1110 1778 1169 cerurgie
1800 1126 1848 1153 ac

362 1180 762 1238 experimentorum
779 1195 864 1238 que
886 1179 988 1221 sciri
1007 1186 1189 1237 possent
1206 1179 1371 1237 ubique
1390 1179 1597 1222 noticiam
1615 1181 1844 1233 habentes,

362 1260 582 1293 matronas
610 1267 758 1294 earum
785 1250 981 1293 consiliis
1002 1250 1270 1309 indigenteS,
1301 1249 1565 1308 prudencias
1587 1267 1735 1294 earum
1763 1253 1848 1295 sibi

362 1323 579 1381 proficuas
621 1322 901 1373 admirantes,
943 1329 1126 1380 propter
1158 1321 1240 1364 hec
1273 1337 1344 1363 eas
1379 1321 1631 1381 diligentes,
1674 1323 1848 1367 fortiter

362 1395 633 1437 attraherent
661 1395 715 1437 ad
747 1393 1157 1436 communicandum
1185 1409 1282 1435 cum
1316 1393 1441 1453 ipsis,
1471 1394 1778 1438 delectandum
1805 1404 1849 1439 et

361 1465 710 1509 conveniendum
731 1466 775 1508 in
791 1465 987 1508 articulis
1013 1473 1057 1507 et
1084 1465 1384 1507 sacramentis.

419 1614 589 1665 [XXXIX]
617 1608 702 1655 62.
738 1610 846 1651 Item
879 1609 1130 1668 quicunque
1162 1625 1275 1667 papa
1302 1609 1473 1651 futurus
1511 1626 1592 1668 pro
1627 1619 1842 1670 tempore,

358 1698 455 1724 cum
498 1681 609 1723 tales
650 1681 696 1723 in
735 1681 1030 1739 ydiomatibus
1078 1681 1394 1722 catholicorum
1431 1682 1710 1724 orientalium
1749 1699 1844 1725 esse

355 1762 537 1812 possent
564 1753 785 1803 instructi,
815 1768 954 1811 prope
981 1752 1144 1794 curiam
1172 1752 1356 1794 haberet
1383 1768 1457 1794 eos
1486 1752 1596 1795 tales
1619 1753 1844 1813 eleganter

354 1824 587 1875 litteratos,
616 1841 695 1882 per
714 1840 823 1882 quos
851 1824 1066 1866 scriberet
1085 1823 1267 1882 prelatis
1295 1831 1337 1865 et
1363 1823 1459 1866 aliis
1487 1825 1726 1882 majoribus
1747 1824 1842 1866 illa-

353 1913 449 1938 rum
477 1897 731 1955 regionum;
763 1896 838 1954 qui
859 1895 1080 1954 sapientes
1109 1895 1240 1938 Greci
1263 1894 1315 1936 de
1343 1894 1460 1937 facili
1481 1895 1543 1936 sic
1564 1904 1745 1954 possent
1765 1897 1842 1939 ha-

354 1968 463 2010 beri.
489 1968 706 2022 Quoniam
727 1983 823 2009 cum
843 1968 888 2009 in
911 1966 1068 2009 studiis
1096 1966 1407 2009 remotioribus
1435 1975 1584 2009 essent
1614 1967 1764 2026 plures
1797 1968 1842 2010 in

352 2055 485 2099 greco
507 2048 550 2082 et
570 2039 705 2081 latino
734 2039 846 2081 bene
869 2038 1053 2089 fondati‚
1083 2038 1146 2080 illi
1175 2038 1250 2096 qui
1265 2055 1343 2096 pre
1363 2039 1521 2080 ceteris
1543 2038 1597 2081 ad
1611 2039 1841 2097 proficien-

352 2111 455 2153 dum
481 2111 737 2153 viderentur
758 2111 870 2152 bene
899 2110 1102 2168 dispositi
1123 2110 1349 2169 magisque
1378 2110 1543 2152 dociles
1571 2111 1841 2170 eligerentur

352 2183 406 2224 ad
433 2182 715 2232 studendum,
747 2181 1012 2224 audiendum
1029 2190 1071 2223 et
1090 2181 1369 2239 postmodum
1392 2181 1643 2241 legendum,
1663 2182 1840 2240 quidam

351 2254 394 2295 in
418 2256 517 2312 jure
545 2253 661 2295 civili
679 2261 722 2295 et
749 2253 977 2303 canonico,
996 2252 1071 2294 alii
1097 2252 1141 2294 in
1164 2253 1445 2303 astronomia,
1477 2253 1662 2311 aliisque
1695 2254 1839 2296 scien-

350 2325 429 2367 ciis
458 2325 775 2367 mathematicis
809 2333 852 2366 et
887 2323 1177 2374 naturalibus,
1214 2323 1287 2365 alii
1321 2324 1365 2365 in
1398 2324 1638 2384 theologia,
1688 2324 1761 2366 alii
1793 2325 1838 2366 in

351 2396 594 2449 medicina;
632 2412 816 2454 quarum
850 2395 1138 2437 scienciarum
1172 2403 1320 2437 essent
1364 2395 1506 2438 studia
1541 2395 1751 2437 ferventia
1785 2395 1838 2437 ab

349 2468 534 2510 invicem
561 2476 776 2526 separata,
814 2483 868 2509 ne
907 2483 953 2508 se
983 2467 1170 2509 invicem
1198 2466 1465 2525 impedirent
1493 2483 1573 2526 per
1610 2465 1833 2517 invidiam,

348 2547 421 2581 aut
447 2539 569 2590 alias,
603 2555 701 2581 nam
739 2547 787 2580 ut
820 2539 879 2580 ait
912 2538 1209 2597 Philosophus
1243 2539 1287 2580 in
1327 2554 1404 2580 sua
1434 2538 1699 2580 Rhetorica:
1735 2538 1835 2580 Plu·-

349 2611 517 2669 losoplzi
548 2611 816 2653 naturaliter
857 2620 958 2652 sunt
1002 2611 1213 2653 invidiosi.
1254 2611 1378 2652 Tunc
1422 2609 1459 2650 si
1497 2624 1609 2667 papa
1653 2617 1835 2667 propter

347 2697 498 2724 causas
525 2682 698 2732 arduas,
735 2680 789 2723 ad
821 2689 983 2722 terram
1012 2683 1271 2731 Grecorum,
1319 2688 1361 2722 et
1394 2679 1509 2722 idem
1542 2680 1743 2739 intelligo
1780 2680 1834 2723 de

347 2752 441 2795 aliis
462 2753 758 2811 ydiomatibus
786 2760 828 2794 et
854 2752 1001 2802 terris,
1032 2753 1226 2794 mitteret
1247 2751 1436 2810 aliquem
1466 2751 1673 2810 legatum,
1704 2751 1832 2794 simul

346 2825 538 2867 mitteret
567 2841 663 2867 cum
691 2824 788 2882 ipso
815 2823 1108 2882 peritissimos
1135 2824 1179 2866 in
1202 2822 1398 2881 qualibet
1418 2822 1607 2865 sciencia
1628 2823 1738 2866 duos
1764 2823 1831 2866 vel
