1942 3242
63 1606 241 1648 Medocinetet
256 1608 309 1635 ehi-

133 1651 235 1678 rui-gie.

57 2263 106 2288 Des
121 2262 210 2289 livres.

338 221 377 255 62
792 241 794 243 -
884 223 1069 258 PIERRE
1098 224 1288 260 DUBOIS.

401 312 482 359 74.
520 314 692 369 Quibus
713 315 776 356 sic
798 314 924 357 factis
945 315 991 357 in
1013 331 1127 359 anno
1149 333 1253 367 uno,
1279 318 1381 376 quia
1401 318 1468 360 bis
1488 318 1533 360 in
1555 318 1626 361 die
1638 319 1827 362 Bibliam

340 383 544 427 audirent
563 385 742 436 biblice,
767 394 809 427 et
833 386 1012 428 Librum
1036 387 1339 431 Summarum¹
1365 389 1409 431 in
1429 405 1557 432 mane
1581 406 1678 432 cum
1701 407 1825 449 ques-

336 455 533 498 tionibus
560 456 605 498 in
633 457 916 500 Naturalibus
943 458 1163 506 obmissis,
1201 461 1277 518 qui
1313 460 1478 502 debent
1507 477 1604 503 esse
1630 461 1825 519 predica—

335 534 455 569 tores
481 543 562 585 per
582 527 694 570 duos
720 528 787 570 vel
807 537 897 570 tres
925 545 1062 572 annos
1078 531 1141 572 sic
1157 531 1387 583 audirent3
1413 548 1601 590 quorum
1629 533 1665 574 si
1691 533 1826 591 aliqui

336 598 398 640 sic
442 598 653 648 facerent,
690 600 786 642 aliis
826 599 1047 643 sufficeret
1086 602 1220 644 semel
1251 602 1403 645 audire
1448 620 1563 646 anno
1601 620 1704 654 uno,
1749 620 1826 646 seu

337 669 497 712 minori
527 679 742 728 tempore.
783 671 1068 714 Postmodum
1096 673 1325 731 expediret
1353 674 1566 732 quosdam
1600 691 1679 733 per
1705 676 1825 717 bien-

336 740 455 782 nium
483 741 648 800 Leges²
676 742 843 792 audire,
876 751 920 785 et
942 743 1137 800 perfecte
1164 745 1361 803 quinque
1389 745 1610 788 volumina
1642 755 1826 804 possent

335 811 514 864 audire3
542 813 910 871 postmodumque
937 815 1174 857 Decretum
1200 824 1243 858 et
1272 817 1541 867 DecretaleS,
1571 818 1638 860 bis
1665 819 1824 860 Decre-

333 891 424 925 tum
447 883 493 925 in
514 883 584 926 die
606 892 650 926 et
682 884 959 927 Decretales³
980 886 1129 928 semel.
1162 887 1436 930 Clericaliter
1463 890 1508 931 in
1535 888 1720 932 ecclesia
1742 890 1824 932 Dei

333 954 489 997 victuri
514 964 696 1013 possent
727 956 959 999 obmittere
991 958 1146 1017 Leges,
1178 958 1256 1000 sed
1277 975 1367 1001 non
1392 960 1646 1002 Decretales
1674 969 1717 1002 et
1740 961 1822 1003 De-

333 1034 523 1078 cretum3
553 1027 810 1070 seculariter
835 1028 992 1070 victuri
1014 1039 1196 1087 possent
1213 1031 1448 1073 obmittere
1469 1032 1709 1082 Naturalia,
1734 1034 1822 1074 Mo-

332 1097 498 1139 ralibus
520 1098 680 1156 injure
707 1099 823 1141 civili
842 1107 884 1141 et
906 1100 1118 1142 canonico
1140 1100 1315 1160 longius
1331 1102 1593 1144 insistendo.
1619 1103 1704 1158 Qui
1719 1119 1822 1146 vero

331 1169 494 1211 vellent
515 1169 667 1211 audire
689 1170 967 1221 medicinam,
989 1179 1090 1229 post
1110 1173 1334 1215 Naturalia
1355 1183 1537 1231 possent
1554 1174 1637 1216 hoc
1660 1174 1818 1226 facere,

333 1241 526 1299 quamvis
556 1241 783 1299 expediret
810 1242 998 1284 Bibliam
1026 1250 1069 1284 et
1097 1244 1297 1286 Summas
1334 1261 1423 1286 non
1458 1245 1680 1303 ignorare,
1711 1262 1821 1305 quo-

332 1312 446 1354 niam
474 1313 519 1354 in
544 1313 605 1354 eis
632 1321 875 1371 tanguntur
912 1314 1130 1372 principia
1168 1331 1252 1372 que
1283 1323 1384 1357 sunt
1420 1315 1703 1359 fundamenta
1729 1334 1822 1359 om-

332 1384 452 1426 nium
474 1384 780 1434 scienciarum,
797 1386 920 1442 juxta
942 1385 988 1427 id
1009 1385 1127 1443 quod
1148 1385 1255 1428 dicit
1277 1386 1594 1445 Philosophus:
1623 1389 1821 1431 Commu-

331 1459 481 1498 nicant
501 1465 646 1497 autem
674 1471 820 1497 omnes
845 1459 1039 1498 sciencie.
1073 1458 1127 1498 Et
1154 1457 1278 1499 valde
1300 1474 1506 1516 magnum
1534 1467 1600 1500 est
1627 1460 1821 1502 omnium

331 1527 620 1569 scienciarum
650 1527 869 1584 principia
900 1543 1167 1585 cognoscere
1197 1528 1262 1570 vel
1297 1529 1449 1571 saltem
1476 1546 1564 1572 non
1596 1531 1816 1589 ignorare.

331 1598 416 1653 Qui
454 1614 558 1640 vero
603 1598 649 1639 in
688 1597 956 1640 addiscendo
997 1599 1160 1641 fuerint
1198 1600 1416 1651 rudiores,
1465 1602 1642 1660 cognita
1680 1602 1819 1661 logica

331 1669 571 1728 paululum,
609 1677 652 1710 et
684 1669 838 1728 magis,
870 1685 967 1711 cum
1007 1670 1091 1712 erit
1117 1670 1349 1729 possibile,
1387 1672 1573 1714 naturali
1609 1673 1815 1724 sciencia,

329 1741 576 1800 cerurgiam
606 1740 833 1782 hominum
873 1749 916 1782 et
953 1757 1165 1799 equorum
1190 1742 1392 1795 audiant3
1432 1751 1475 1785 et
1512 1759 1610 1785 cum
1643 1744 1743 1794 hoc,
1781 1745 1818 1787 si

328 1812 462 1854 fuerit
488 1811 715 1870 possibile,
748 1812 1025 1863 medicinam,
1055 1813 1260 1856 videlicet
1286 1813 1350 1856 illi
1374 1815 1448 1872 qui
1471 1815 1625 1857 melius
1653 1815 1817 1858 fuerint

327 1899 524 1942 capaces,
554 1891 602 1925 ut
628 1882 870 1941 profectius
889 1892 1025 1926 artem
1046 1885 1247 1944 cerurgie
1269 1886 1442 1943 possint
1463 1886 1812 1944 apprehendere,

328 1963 419 1997 arte
446 1955 665 1997 medicine
703 1963 984 2012 cooperante.
1025 1956 1101 1998 Isti
1132 1956 1292 1998 medici
1326 1965 1369 1999 et
1402 1958 1620 2016 cerurgici
1659 1974 1816 2000 uxores

325 2026 516 2068 habeant
545 2026 746 2068 similiter
773 2026 1025 2076 instructas,
1057 2043 1155 2069 cum
1185 2043 1368 2085 quarum
1403 2029 1574 2071 auxiliis
1609 2037 1837 2088 egrotans

322 2098 442 2139 tibus
469 2097 644 2155 plenius
672 2097 948 2140 subveniant.

381 2245 538 2294 [XLvu]
574 2239 657 2286 75.
695 2240 866 2298 Aliquis
902 2240 1065 2298 poterit
1103 2257 1328 2298 opponere
1368 2250 1626 2300 argumento
1662 2258 1812 2285 eorum

322 2327 406 2370 que
438 2312 650 2353 vidimus:
689 2329 711 2352 «
737 2311 854 2366 Quid
882 2311 1080 2369 proderit
1109 2312 1172 2353 eis
1209 2313 1283 2370 qui
1312 2329 1457 2355 secum
1490 2322 1557 2355 tot
1592 2313 1811 2356 volumina

368 2497 400 2528 1.
431 2495 628 2536 Qu'est—ce
660 2506 730 2540 que
766 2506 805 2528 ce
838 2508 856 2527 «
891 2494 1007 2528 Liber
1043 2494 1278 2529 Summarum
1309 2496 1360 2529 »Ρ
1394 2496 1445 2529 Μ.
1482 2497 1609 2530 Renan
1643 2508 1810 2542 propose

318 2543 435 2587 (Hist.
460 2541 547 2580 litt„
571 2543 704 2582 XXVI,
727 2542 813 2586 513)
842 2542 1062 2576 d'entendre
1092 2555 1160 2588 pax·
1188 2544 1221 2577 la
1247 2544 1301 2577 les
1329 2543 1489 2590 abreges
1511 2544 1710 2589 composes
1741 2556 1809 2589 par

322 2590 448 2623 Pieri-e
468 2589 694 2635 d'Espagne‚
714 2589 768 2623 dit
789 2589 822 2622 le
838 2590 1018 2635 Magister
1038 2590 1322 2625 summularum.

367 2639 399 2670 2.
430 2637 588 2682 D'ap1·es
611 2637 666 2670 les
694 2637 878 2670 divisions
901 2638 1042 2670 usitees
1065 2639 1158 2671 dans
1183 2638 1311 2672 l'ecole
1333 2639 1378 2672 de
1401 2639 1583 2684 Bologne,
1609 2639 1642 2672 le
1663 2639 1807 2686 Corpus

311 2685 412 2731 juris
434 2685 584 2718 formait
604 2685 689 2730 cinq
711 2683 898 2718 volumina
917 2685 1030 2730 (Voy.
1050 2685 1120 2720 Ad.
1146 2686 1286 2726 Tardis,
1314 2686 1476 2720 Histoire
1497 2685 1561 2720 des
1581 2697 1731 2720 sources
1755 2685 1806 2720 du

318 2731 419 2765 droit
437 2732 620 2776 fhanaegais,
646 2732 764 2771 Paris,
787 2733 890 2771 1890,
913 2732 1018 2770 in-80,
1044 2745 1078 2778 p.
1104 2733 1185 2778 120)

365 2781 399 2813 3.
428 2779 500 2813 Sur
520 2779 554 2813 le
576 2779 712 2812 Decret
730 2780 775 2813 de
797 2779 952 2813 Gratien
973 2785 1010 2813 et
1023 2780 1079 2813 les
1101 2780 1332 2819 Decretales,
1354 2793 1437 2826 voy.
1455 2781 1526 2815 Ad.
1546 2781 1689 2821 Tardis,
1714 2781 1804 2814 His-

318 2826 408 2861 toire
430 2826 495 2861 des
522 2838 672 2861 sources
699 2826 750 2860 du
781 2826 882 2861 droit
902 2827 1122 2875 εαηοιιίᾳαε,
1151 2828 1270 2868 Paris,
1296 2830 1399 2869 1887,
1422 2828 1536 2868 in-80‚
1555 2841 1615 2874 pp.
1642 2830 1698 2869 89,
1721 2830 1801 2863 173.
