1942 3242
312 210 351 242 44
853 211 1036 243 PIERRE
1067 212 1258 245 DUBOIS.

313 300 449 342 malos
476 301 717 359 puniendo,
741 301 1006 360 corrigendo
1025 319 1034 354 ;
1065 310 1108 344 et
1129 318 1227 344 cum
1248 303 1490 362 principes,
1521 306 1705 347 maxime
1728 307 1802 364 qui

313 388 401 414 non
431 381 758 432 recognoscunt
786 373 1038 431 superiores
1069 373 1113 415 in
1139 375 1287 425 terris,
1313 375 1458 433 quoad
1485 392 1561 418 sua
1587 385 1802 435 tempora-

313 443 384 494 lia,
411 444 634 502 justiciam
653 445 846 487 habeant
879 453 922 486 et
952 454 1276 488 consueverunt
1305 446 1446 489 facere
1481 447 1534 489 de
1563 449 1652 490 suis
1676 449 1802 507 justi-

313 515 457 558 ciariis
471 515 833 574 delinquentibus
846 517 1110 559 severiorem
1123 533 1251 576 quam
1265 517 1318 560 de
1334 518 1430 561 aliis
1446 519 1802 578 quibuscunque3

313 595 356 629 et
384 603 482 629 cum
509 587 713 646 expediat
746 588 802 630 ob
836 587 952 630 leves
984 604 1135 630 causas
1163 605 1237 631 eos
1265 590 1318 632 ab
1348 590 1804 634 administrationibus

313 659 503 701 amoveri
523 659 579 701 ad
606 659 744 702 instar
765 660 1094 710 monachorum,
1121 669 1166 702 ut
1194 670 1376 720 propter
1397 662 1599 704 timorem
1627 663 1803 705 amotio-

313 731 380 772 nis
402 739 445 772 et
466 747 678 789 penarum
700 748 783 790 que
805 748 884 790 per
907 740 1181 774 correctores
1204 741 1246 775 et
1266 733 1554 791 inquisitores
1571 735 1804 777 summarie

311 802 603 860 procedentes
625 802 901 862 infliguntur,
933 819 1017 862 que
1040 820 1128 846 non
1149 813 1332 863 possent
1354 805 1416 847 sic
1438 805 1492 847 de
1513 805 1630 847 facili
1652 814 1805 848 contra

310 882 526 932 perpetuo
563 874 842 932 possidentes
876 875 980 917 alias
1021 875 1143 928 fieri;
1186 876 1352 918 idcirco
1387 877 1491 919 talia
1529 878 1803 920 committere

311 946 449 1005 magis
471 946 648 1004 expedit
674 946 729 988 ad
759 955 932 1005 tempus
967 947 1185 989 modicum
1220 964 1348 1006 quam
1378 948 1421 990 in
1455 957 1733 1007 perpetuum,
1758 957 1806 991 ut

312 1016 482 1059 facilius
503 1018 759 1075 puniantur,
796 1026 839 1060 et
871 1019 926 1060 ob
959 1018 1144 1060 leviores
1177 1035 1327 1062 causas
1357 1036 1454 1062 curn
1485 1020 1646 1063 minori
1673 1020 1804 1064 insor-

312 1089 518 1140 matione,
543 1097 585 1131 et
612 1089 893 1148 frequencius
922 1099 1216 1132 amoveantur.

374 1161 462 1203 Sed
493 1169 704 1219 quantum
742 1161 898 1203 attinet
930 1162 983 1204 ad
1010 1162 1203 1220 prelatos
1234 1162 1364 1222 longe
1395 1163 1706 1221 expediencius
1740 1172 1805 1205 est

313 1249 387 1275 eos
404 1232 603 1291 judicare
631 1249 710 1291 per
736 1233 843 1275 alios
872 1249 1000 1291 quam
1016 1246 1101 1292 per
1128 1250 1173 1275 se
1201 1234 1338 1292 ipsos,
1364 1242 1406 1276 et
1428 1235 1510 1276 alia
1533 1251 1618 1293 que
1647 1235 1701 1277 ad
1722 1235 1804 1277 heo

312 1305 537 1362 pertinent
564 1304 731 1346 facere:
763 1321 862 1346 nam
884 1305 1053 1347 facilius
1076 1314 1229 1347 contra
1251 1306 1381 1347 alium
1403 1306 1704 1364 possidentem
1724 1322 1805 1365 pro

312 1376 482 1434 prelato
509 1375 615 1417 fient
642 1376 926 1434 probationes
955 1393 1083 1434 quam
1112 1385 1263 1419 contra
1291 1377 1508 1435 prelatum
1536 1377 1801 1420 immediate.

313 1447 477 1489 Prelati
522 1447 650 1489 etiam
690 1448 815 1489 multi
853 1448 897 1489 in
945 1448 1091 1490 multis
1126 1449 1399 1490 contendunt
1430 1465 1475 1490 se
1515 1457 1697 1507 propter
1731 1465 1804 1491 sua

314 1518 424 1561 sacta
460 1519 707 1577 personalia
744 1535 831 1561 non
868 1536 998 1577 posse
1031 1536 1111 1578 per
1145 1520 1453 1578 temporalium
1489 1520 1714 1578 principes
1752 1520 1805 1562 de

313 1590 490 1640 felonia,
533 1606 614 1632 nec
655 1607 742 1632 non
783 1607 916 1650 super
946 1591 1283 1650 quibuscunque
1330 1591 1454 1634 factis
1497 1591 1805 1651 personalibus

313 1678 477 1720 puniri.

375 1841 457 1886 53.
496 1842 603 1883 Item
631 1850 782 1883 contra
814 1842 922 1883 alios
950 1841 1229 1899 possidentes
1258 1842 1353 1883 loco
1381 1842 1666 1900 prelatorum,
1699 1842 1805 1884 faci-

315 1914 397 1956 lius
414 1913 661 1954 invenietur
684 1913 915 1955 consilium
938 1930 1067 1971 quam
1088 1922 1238 1955 contra
1263 1914 1380 1971 ipsos
1402 1914 1620 1971 prelatos3
1645 1914 1807 1972 aliique

315 1985 452 2044 magis
479 1985 698 2026 timebunt
726 2000 955 2042 expensas,
986 2001 1138 2042 penas,
1163 1993 1206 2026 et
1234 1985 1454 2028 amendas.

377 2058 581 2099 Preterea
602 2057 827 2114 principes
855 2056 940 2097 nisi
962 2056 1074 2098 cirea
1104 2057 1301 2115 regimen
1325 2073 1502 2098 suorum
1531 2057 1807 2099 subditorum

317 2137 464 2170 essent
486 2128 687 2186 occupati
715 2136 994 2169 remanerent
1021 2128 1212 2179 occiosi3
1244 2137 1286 2170 et
1309 2129 1370 2170 sic
1393 2129 1661 2186 presumitur
1689 2128 1808 2186 quod

318 2200 592 2258 frequentius
621 2199 749 2241 bellis
787 2208 829 2241 et
869 2199 993 2241 sactis
1023 2200 1222 2241 venereis
1257 2200 1532 2241 occiosorum
1572 2208 1804 2250 vacarent;

318 2287 402 2329 que
430 2271 531 2313 mali
552 2272 725 2313 occasio
754 2287 841 2313 non
870 2279 935 2313 est
964 2271 1204 2329 querenda,
1236 2271 1455 2329 eligenda,
1491 2271 1567 2312 scd
1594 2270 1803 2313 vittanda.
1852 2325 1853 2328 Ἴ

51 2457 228 2498 SUPRvession
252 2458 299 2484 des
379 2454 555 2503 [XXXIII]
603 2449 686 2495 54.
724 2451 831 2490 Item
865 2450 1008 2491 statim
1046 2457 1220 2507 petatur
1254 2449 1372 2507 quod
1405 2465 1555 2490 omnes
1587 2448 1804 2496 monachi,

86 2496 299 2563 {gffffigwssjm
320 2520 363 2561 in
401 2520 507 2562 locis
542 2529 584 2562 et
624 2521 898 2562 monasteriis
942 2537 1029 2562 non
1076 2520 1437 2562 conventualibus
1478 2527 1712 2569 morantes,
1756 2519 1809 2560 ad

321 2591 524 2633 abbacias
540 2600 802 2633 revocentur
822 2600 867 2633 ut
890 2592 950 2633 ibi
972 2592 1179 2650 religiose
1199 2591 1344 2633 vivant
1363 2610 1372 2643 ;
1397 2591 1489 2641 sed,
1514 2607 1567 2632 ne
1587 2591 1808 2632 minuatur

320 2662 462 2704 cultus
497 2662 669 2704 divinus
700 2663 912 2712 locorum,
953 2663 995 2704 in
1033 2679 1182 2704 eorum
1218 2663 1397 2720 capellis
1432 2661 1617 2720 singulis
1644 2661 1807 2719 singuli

320 2734 533 2791 capellani
560 2734 898 2784 constituantur,
930 2735 1005 2792 qui
1026 2735 1185 2776 victum
1213 2735 1426 2776 habentes
1454 2733 1699 2775 modestum
1722 2732 1806 2776 ibi-

319 2805 416 2848 dem
445 2804 584 2849 officia
609 2805 751 2849 divina
774 2806 959 2867 singulis
988 2806 1143 2850 diebus
1170 2806 1410 2850 celebrent.
