1942 3242
91 463 331 498 Agrandissement

117 499 168 598 {1}
176 500 330 576 ldeplgiiiniig

159 571 258 608 mpire;

351 218 410 251 104
897 218 1082 252 PIERRE
1111 219 1307 252 DUBOIS.

351 309 428 367 gni
471 309 760 359 Francorum,
802 324 1008 367 guerram
1054 325 1230 352 movere
1273 318 1316 352 et
1354 311 1564 369 persequi
1608 327 1749 370 usque
1789 311 1843 354 ad

353 388 539 422 mortem
567 396 656 422 non
678 388 829 438 posset
856 380 1078 423 omittere.

410 450 623 493 Multum¹
645 451 728 493 erit
749 451 996 509 proficuum
1026 460 1068 494 et
1095 452 1355 495 honorabile
1382 453 1562 495 domino
1589 453 1684 513 regi
1709 455 1841 497 Fran·

350 538 502 564 corum
531 523 567 564 si
594 539 781 582 regnum
804 531 846 565 et
872 523 1109 581 imperium
1141 523 1401 567 Alemannie
1429 525 1570 583 possit
1603 541 1683 567 suo
1717 524 1842 567 fratri

350 594 678 652 nepotibusque
698 603 915 653 perpetuo
942 611 1198 653 procurare,
1222 612 1357 654 super
1380 612 1467 654 quo
1496 612 1596 638 cum
1619 589 1723 655 rege
1745 612 1839 638 mo-

349 665 487 707 derno
509 665 736 724 expediret
761 665 1032 717 convenire²‚
1051 675 1286 726 antequam
1315 668 1448 709 sciret
1470 683 1630 710 novum
1659 667 1840 710 modum

349 737 468 795 pacis
508 737 775 796 predictum,
818 737 939 796 quod
977 737 1183 781 dominus
1220 755 1296 781 rex
1327 755 1408 797 pro
1442 756 1487 781 se
1527 747 1570 781 et
1601 738 1841 781 heredibus

350 809 440 850 suis
468 809 667 859 haberet,
697 820 831 867 prout
863 809 1026 852 dicitur
1062 810 1167 852 alias
1206 819 1471 853 conventum
1500 810 1673 861 fuisse³,
1703 818 1840 853 totam

348 888 510 922 terram
534 881 660 922 sitam
681 880 789 922 citra
811 881 974 924 Rinum
998 881 1324 932 Coloniensem‚
1349 882 1416 924 vel
1439 882 1593 924 saltem
1622 882 1840 924 directum

350 951 596 994 dominium
619 959 662 994 et
689 952 1011 1010 subjectionem
1033 953 1323 996 comitatuum
1352 954 1584 996 Provincie
1616 962 1660 996 et
1687 953 1841 997 Saveie

350 1039 449 1065 cum
476 1031 569 1065 toto
587 1024 686 1081 jure
709 1023 830 1081 quod
856 1024 1019 1066 habere
1047 1033 1197 1083 posset
1223 1025 1464 1083 imperator
1491 1026 1535 1067 in
1559 1024 1837 1074 Lombardia,

349 1095 559 1137 Januensi
573 1094 640 1136 vel
661 1095 902 1138 Venetensi
923 1095 1174 1138 civitatibus
1195 1104 1238 1138 et
1251 1097 1489 1139 territoriis
1509 1115 1519 1149 3
1545 1097 1606 1139 sic
1635 1096 1840 1139 dominus

349 1182 425 1208 rex
451 1167 703 1225 ingressum
729 1166 993 1209 Lombardie
1014 1167 1206 1210 liberum
1239 1168 1449 1220 haberet3
1485 1176 1528 1210 et
1554 1169 1639 1210 hoc
1671 1175 1840 1210 secreto

348 1237 444 1280 fieri
471 1237 698 1296 expediret
719 1238 835 1280 inter
854 1254 982 1297 reges
1010 1239 1282 1281 Francorum
1305 1247 1348 1282 et
1374 1239 1634 1282 Alemannie
1657 1256 1757 1282 cum
1770 1255 1840 1298 ap-

349 1309 610 1368 probatione
632 1317 674 1351 et
697 1309 1031 1352 confirmatione
1058 1326 1187 1369 pape,
1220 1319 1282 1361 ut,
1307 1312 1392 1353 hoc
1413 1311 1476 1353 sic
1499 1311 1765 1354 concordato
1799 1319 1841 1352 et

348 1380 536 1432 firmato,
567 1380 905 1423 confirmaretur
943 1382 1183 1441 Imperium
1221 1382 1317 1441 regi
1361 1381 1622 1425 Alemannie
1670 1398 1840 1442 sueque

398 1591 430 1623 1.
461 1589 530 1622 Cet
556 1589 764 1634 important
798 1589 933 1629 alinea,
969 1590 1064 1623 omis
1100 1602 1166 1636 par
1199 1591 1386 1636 Bongaiffs
1411 1604 1429 1624 a
1461 1592 1519 1625 ete
1551 1591 1723 1637 imprime
1745 1604 1842 1638 pour

349 1638 384 1671 la
408 1637 593 1682 premiere
613 1637 687 1670 fois
709 1637 803 1670 dans
819 1637 852 1670 la
871 1638 988 1671 Reme
1010 1637 1230 1684 historique,
1257 1638 1353 1678 XLI,
1380 1651 1416 1684 p.
1440 1640 1496 1677 85,
1524 1645 1626 1672 note.

397 1686 430 1719 2.
461 1683 608 1718 Dubois
629 1696 676 1718 ne
697 1685 749 1718 vit
765 1684 913 1739 jamaiS,
939 1685 1032 1719 dans
1052 1698 1112 1719 ses
1134 1689 1241 1719 reves
1263 1686 1318 1719 les
1342 1686 1425 1731 plus
1447 1686 1674 1732 optimistes‚
1698 1686 1730 1719 d'
1736 1692 1840 1720 autre

350 1744 484 1778 moyen
508 1732 566 1778 qu'
573 1744 645 1766 une
664 1732 890 1766 conveution
913 1745 1008 1778 pour
1026 1733 1132 1766 venir
1152 1746 1171 1766 a
1194 1733 1286 1767 bont
1315 1734 1360 1767 de
1388 1733 1659 1788 l'Allemagne:
1696 1733 1754 1767 Cf
1790 1735 1840 1768 De

349 1779 486 1820 abt-ew
508 1780 572 1813 fol.
595 1781 638 1814 10
656 1788 714 1813 v0:
737 1793 755 1812 «
778 1780 862 1813 Non
895 1787 1053 1826 apparet
1074 1793 1140 1815 uec
1162 1781 1326 1815 occurrit
1349 1781 1527 1826 scriptori
1549 1781 1710 1827 qualiter
1733 1781 1840 1826 iegni

349 1827 571 1861 Alemannie
611 1826 794 1873 subjectio
834 1828 928 1862 alias
963 1840 1073 1874 quam
1105 1834 1262 1874 propter
1282 1828 1576 1863 convencionem
1608 1833 1739 1874 posset
1772 1829 1839 1862 ad-

379 1875 495 1908 uiri..

351 1888 373 1921 q
397 1925 431 1957 3.
462 1922 670 1968 Compar-ez
690 1924 741 1956 De
762 1921 897 1962 abnam,
923 1923 984 1956 fol.
1009 1925 1053 1958 3:
1079 1937 1097 1956 «
1117 1923 1155 1957 Si
1176 1923 1280 1969 regia
1302 1924 1492 1969 majestas,
1531 1929 1571 1957 ut
1593 1923 1743 1962 dicitur,
1775 1936 1839 1957 su-

350 1982 519 2016 premum
543 1970 749 2003 dominium
770 1970 879 2016 regni
898 1970 1134 2005 Arelatensis
1162 1977 1197 2005 et
1226 1977 1411 2005 terrarum
1439 1971 1531 2005 citra
1567 1971 1703 2005 Binum
1730 1970 1841 2005 Colo-

349 2018 520 2051 niensem
545 2023 581 2051 et
613 2017 879 2051 Lombardiam
912 2031 930 2051 a
970 2031 1072 2052 mare
1111 2019 1349 2052 meridionali
1386 2031 1504 2065 usque
1545 2019 1840 2064 septentrionale

351 2065 591 2099 existentium
613 2066 658 2098 de
679 2077 776 2098 novo
795 2066 1000 2111 adquisivit
1022 2074 1058 2099 et
1078 2072 1206 2100 tenere
1234 2067 1458 2112 proponit...
1481 2079 1499 2099 »
1523 2087 1566 2093 —
1602 2066 1799 2100 Allusions
1820 2067 1840 2100 ἐι

348 2113 553 2146 l'entrevue
580 2113 625 2146 de
653 2113 912 2147 Vaucouleurs
939 2113 1156 2159 (decembre
1185 2114 1293 2159 1299)
1322 2121 1426 2147 entre
1454 2114 1678 2160 l'empereur
1708 2113 1841 2148 Albert

352 2160 569 2194 d'Autriche
588 2165 623 2194 et
646 2160 819 2205 Philippe
842 2160 875 2194 16
896 2160 976 2194 Β61.
998 2161 1078 2194 Une
1100 2161 1257 2195 alliance
1280 2174 1302 2207 y
1324 2162 1378 2195 fut
1400 2162 1567 2201 conclue,
1592 2161 1685 2195 mais
1719 2161 1839 2195 l’ima-

351 2208 522 2253 gination
556 2208 622 2241 des
650 2208 955 2253 contemporains
976 2209 1117 2253 imputa
1151 2221 1221 2242 aux
1243 2209 1336 2242 deux
1368 2209 1474 2243 allies
1497 2210 1562 2243 des
1593 2209 1839 2243 conventinus

352 2255 578 2300 grandioses
598 2256 660 2301 qui
688 2255 826 2288 etaient
846 2256 991 2289 restees
1022 2255 1108 2289 bien
1141 2255 1216 2289 loiu
1239 2256 1283 2289 de
1315 2257 1396 2290 leur
1419 2258 1569 2301 pensee.
1610 2256 1757 2290 Dubois
1794 2269 1839 2291 ne

352 2304 405 2336 fut
425 2315 491 2348 pas
514 2303 594 2336 seul
617 2303 636 2336 a
658 2304 780 2336 croire
799 2315 870 2349 que
893 2303 1065 2348 philippe
1089 2304 1120 2336 16
1142 2303 1207 2336 Β61
1230 2303 1328 2337 avait
1366 2304 1512 2349 gai-anti
1535 2305 1553 2337 a
1577 2304 1839 2338 Vaucouleurs

352 2350 547 2384 l'hcredite
567 2351 611 2383 de
634 2350 813 2395 l'Empire
835 2351 928 2383 dans
950 2351 983 2383 la
1002 2351 1139 2384 familie
1162 2351 1331 2384 d'Albert
1352 2352 1569 2385 d'Autriche
1596 2363 1640 2385 en
1673 2352 1838 2396 echange

351 2398 640 2443 ‹l'importantcs
668 2398 913 2431 concessionis
947 2398 1210 2433 territoriales.
1244 2398 1412 2438 Ottocar,
1449 2400 1482 2432 le
1512 2399 1766 2444 chroniqueur
1793 2399 1837 2432 de

352 2445 611 2478 Saint-Pierre
631 2445 810 2483 d'Erfurt,
833 2458 872 2478 se
892 2451 977 2478 sont
997 2445 1082 2479 faits
1104 2457 1149 2478 en
1171 2445 1390 2491 Allemagne
1410 2447 1528 2480 l'e'eho
1550 2447 1596 2480 de
1617 2453 1675 2480 cet
1695 2446 1835 2485 on-dit,

351 2493 549 2537 rep1oduit
566 2493 667 2526 aussi
682 2505 727 2526 en
746 2493 771 2526 l
776 2505 887 2526 rance
900 2505 967 2538 par
980 2493 1192 2526 Guillaume
1212 2494 1256 2526 de
1268 2494 1426 2539 Nangis.
1442 2494 1567 2539 Voyez
1581 2494 1621 2526 P.
1639 2493 1836 2533 Fournier,

351 2542 397 2573 Le
415 2552 589 2593 rojaurne
610 2539 757 2574 d’1rles
775 2545 808 2574 et
828 2540 872 2574 de
901 2541 1041 2574 Vienna.
1064 2541 1182 2579 Paris,
1209 2542 1310 2580 1891,
1329 2542 1387 2574 in-
1371 2543 1442 2581 -8⁰‚
1466 2554 1528 2586 pp.
1548 2542 1628 2575 315-
1633 2543 1666 2576 6.
1690 2560 1733 2567 —
1755 2520 1837 2582 Que

351 2587 498 2621 Dubois
520 2587 570 2620 ait
592 2600 727 2621 encore
751 2600 815 2621 cru
834 2589 851 2621 ἐι
874 2588 1047 2634 lepoque
1066 2601 1114 2621 ou
1136 2588 1160 2621 il
1180 2589 1365 2633 redigeait
1383 2589 1416 2622 16
1440 2591 1491 2622 De
1517 2588 1795 2642 recu-perataoue
1817 2589 1836 2622 a

351 2635 385 2668 la
407 2635 564 2679 legende
589 2635 784 2680 populaire
807 2647 871 2669 sur
893 2635 1097 2669 l'entrevue
1114 2636 1158 2668 de
1172 2635 1444 2675 Vaucouleurs,
1469 2648 1518 2682 qu
1522 2636 1557 2669 11
1573 2635 1671 2669 avait
1683 2635 1837 2669 recueil-

352 2683 398 2715 lie
422 2683 487 2716 (165
511 2684 601 2717 1300
620 2684 713 2716 dans
735 2683 768 2716 16
789 2685 836 2716 De
852 2682 1115 2721 αὐνενιάίιοηε,
1140 2695 1157 2716 6
1162 2683 1231 2716 'est
1253 2696 1322 2717 une
1342 2695 1480 2729 preuve
1502 2682 1589 2728 quil
1622 2695 1666 2716 116
1688 2683 1740 2716 vit
1770 2696 1836 2728 pas

351 2730 417 2763 des
434 2730 619 2764 coulisses
642 2731 675 2764 le
698 2730 882 2775 spectacle
905 2731 997 2764 dela
1017 2730 1200 2776 politique
1222 2730 1511 2765 internationale
1529 2731 1574 2763 de
1600 2743 1667 2763 son
1699 2737 1833 2776 temps,

350 2778 444 2810 mais
466 2790 515 2823 qu
519 2778 555 2811 'il
577 2791 600 2823 y
621 2778 759 2813 assisia
775 2779 820 2812 de
839 2778 929 2818 loiu,
948 2779 1240 2813 mediocrement
1260 2779 1632 2824 re11seigm÷‚co1nme
1655 2779 1688 2812 16
1708 2777 1834 2826 public

350 2825 553 2860 ordinaire.
