1942 3242
153 1756 319 1783 Conclusion.

382 224 441 257 130
922 225 1106 258 PIERRE
1136 225 1328 258 DUBOIS.

382 314 528 356 statim
562 313 673 357 alius
704 316 988 373 subrogetur,
1022 314 1092 357 cui
1125 330 1280 357 omnes
1318 313 1529 357 obediant
1558 314 1672 357 sicut
1701 326 1745 357 et
1785 314 1870 373 ipsi

381 385 491 444 regi.
516 386 615 430 Non
635 396 819 444 apparet
844 385 1109 444 periculum,
1140 385 1176 427 si
1198 385 1406 428 dominus
1434 401 1510 428 rex
1539 385 1699 445 Anglie
1727 396 1771 428 et
1799 385 1872 428 alii

381 473 508 516 reges
530 457 635 500 illuc
671 457 847 508 vadant,
878 456 1112 516 presertim
1148 473 1276 499 senes
1314 457 1390 515 qui
1428 473 1528 499 suas
1563 457 1873 517 generationes

381 528 624 571 liberorum
651 529 917 587 plerumque
935 529 1283 587 compleverunt.
1317 528 1536 571 Dominus
1557 545 1634 570 rex
1655 528 1716 570 sic
1734 544 1874 570 rema-

380 615 490 642 nens
518 600 751 658 providere
772 600 937 659 poterit
958 600 1185 642 annuatim
1207 599 1261 642 de
1282 599 1624 659 pugnatoribus,
1649 599 1873 658 equitibus

380 683 424 714 et
449 671 692 730 peditibus,
717 687 764 714 ac
785 671 934 723 armis,
972 671 1215 714 secundum
1247 671 1367 730 quod
1395 670 1528 713 duces
1555 670 1774 714 exercitus
1805 670 1872 713 sui

380 743 588 786 duxerint
607 743 953 801 postulandum;
985 743 1191 785 dominus
1224 759 1314 793 rex,
1352 758 1404 784 ex
1430 741 1572 785 causis
1602 742 1799 784 delicatis
1827 753 1873 784 et

380 814 617 857 subtilibus
639 813 867 873 principiis
895 814 1088 873 genitUS,
1115 825 1158 857 et
1176 814 1370 857 nutritus
1398 814 1442 856 in
1471 829 1570 856 aere
1594 825 1680 856 tam
1704 825 1871 872 tempe-

379 897 489 938 rato,
520 885 592 928 vix
628 897 780 944 posset
831 885 906 928 diu
953 885 1113 928 durare
1150 897 1193 927 et
1241 884 1491 944 obstagiare
1538 884 1582 926 in
1623 895 1741 927 terra
1781 895 1868 927 tam

379 957 686 1016 intemperata,
732 956 867 999 radiis
913 957 1130 1000 solaribus
1171 956 1296 1015 quasi
1354 956 1532 998 directis
1594 967 1636 998 et
1688 955 1872 999 aliarum

379 1029 607 1072 stellarum
636 1028 731 1071 sine
764 1028 1003 1071 obstaculis
1036 1027 1358 1071 sufficientibus
1395 1027 1640 1086 supposita.
1671 1028 1769 1071 Non
1803 1043 1873 1070 re-

378 1100 473 1143 colo
501 1117 570 1142 me
599 1100 760 1159 legisse
806 1100 999 1158 aliquem
1037 1099 1283 1158 principem
1317 1099 1360 1141 in
1389 1099 1518 1141 terris
1547 1098 1701 1140 alienis
1729 1110 1773 1141 et
1802 1114 1873 1141 re-

380 1172 508 1214 motis
545 1171 620 1214 diu
651 1171 938 1230 obstagiasse,
978 1182 1127 1229 preter
1162 1171 1373 1213 Karolum
1412 1173 1640 1229 Magnum,
1681 1170 1757 1228 qui
1794 1186 1874 1228 per

377 1254 554 1286 centum
577 1259 714 1286 annos
742 1255 785 1285 et
813 1243 1002 1301 amplius
1024 1242 1278 1301 obstagians
1305 1242 1598 1300 personaliter
1626 1241 1759 1284 alium
1784 1257 1871 1282 non

377 1315 533 1357 habuit
553 1331 800 1373 coequum;
834 1314 935 1372 plus
963 1314 1213 1372 proficiens,
1244 1325 1345 1372 post
1381 1313 1646 1371 adquisitam
1678 1312 1871 1371 pruden-

377 1387 486 1429 ciam
523 1386 741 1429 militandi
781 1402 860 1444 per
888 1385 1209 1444 experienciam
1245 1384 1518 1434 diuturnam,
1551 1383 1595 1425 in
1636 1383 1868 1426 duodecim

378 1458 518 1509 annis,
556 1458 718 1517 quibus
755 1457 838 1500 fuit
878 1473 1085 1499 romanus
1124 1457 1380 1514 imperator,
1423 1472 1555 1514 quam
1596 1455 1640 1497 in
1684 1455 1870 1514 quadra-

377 1530 500 1590 ginta
528 1529 654 1572 annis
682 1540 798 1579 ante,
828 1540 961 1587 prout
988 1530 1083 1586 ejus
1112 1527 1219 1570 facta
1243 1527 1286 1570 in
1307 1527 1509 1585 partibus
1530 1525 1867 1570 ultramontanis

379 1601 701 1644 demonstrant.

441 1744 557 1790 142.
584 1743 656 1787 Sic
677 1759 782 1803 ergo
805 1754 970 1785 secrete
997 1742 1223 1801 prevideat
1246 1753 1289 1783 et
1309 1741 1537 1799 provideat
1558 1739 1764 1782 dominus
1792 1756 1868 1782 rex

377 1827 539 1858 statum
586 1815 712 1874 regni
765 1815 832 1857 sui
869 1813 1148 1873 preteritum,
1185 1824 1437 1871 presentem
1473 1823 1516 1853 et
1558 1811 1774 1861 futurum,
1823 1822 1866 1853 et

376 1904 506 1945 quam
520 1886 633 1929 viam
651 1898 800 1928 tenere
815 1885 1005 1928 voluerit
1025 1885 1079 1927 de
1100 1885 1306 1927 omnibus
1319 1884 1373 1926 ad
1388 1882 1712 1941 expeditionem
1730 1884 1864 1925 Terre

376 1960 533 2002 Sancte
567 1958 725 2016 suique
753 1957 878 2016 regni
906 1956 1128 2015 proficuis,
1168 1955 1409 1998 secundum
1444 1954 1732 2013 prescriptam
1762 1953 1864 1995 doc-

376 2030 550 2081 trinam,
581 2046 660 2088 per
682 2045 804 2071 suam
833 2028 1119 2087 prudenciam
1145 2039 1188 2069 et
1207 2026 1487 2069 sanissimum
1517 2027 1731 2083 majorum
1759 2018 1864 2066 cori—

373 2101 520 2144 silium
572 2100 882 2159 perficiendam
943 2116 1018 2141 seu
1067 2099 1339 2148 mutandam,
1401 2097 1627 2140 occasione
1687 2107 1863 2154 sumpta

372 2172 608 2215 salubriter
624 2189 675 2214 ex
687 2170 932 2230 premissis,
950 2170 1003 2212 ad
1018 2186 1167 2228 pacem
1194 2161 1361 2211 firmam
1382 2179 1698 2227 etperpetuam
1722 2166 1861 2209 tocius

371 2243 613 2302 reipublice
639 2242 1005 2292 christicolarum,
1035 2241 1166 2283 modo
1188 2240 1433 2299 prescripto
1456 2256 1531 2282 seu
1555 2239 1640 2281 alio
1670 2238 1857 2288 meliori,

371 2315 609 2364 tendendo,
642 2315 695 2356 ad
730 2316 864 2356 Terre
894 2315 1051 2356 Sancte
1080 2312 1350 2371 Imperiique
1383 2308 1860 2368 Constantinopolitani

372 2386 751 2444 recuperationem
789 2397 832 2426 et
866 2383 1242 2427 conservationem
1281 2382 1467 2432 felicem,
1508 2381 1783 2424 affectionem
1817 2391 1861 2421 et

369 2469 632 2516 potestatem
653 2456 790 2498 tocius
818 2455 1060 2514 reipublice
1081 2454 1395 2497 catholicorum
1420 2453 1600 2495 domino
1626 2467 1739 2510 pape
1759 2451 1859 2492 obe-

371 2529 604 2578 dientium,
635 2544 713 2586 per
729 2529 824 2585 ejus
846 2542 1073 2568 assensum
1091 2537 1134 2568 et
1155 2525 1353 2567 omnium
1370 2524 1637 2583 principum,
1662 2521 1857 2564 converti

371 2598 714 2641 misericorditer
770 2597 1065 2656 procurando,
1122 2608 1208 2639 tam
1258 2596 1459 2638 ordinate
1509 2593 1645 2652 quod,
1700 2603 1859 2652 agente

370 2670 560 2713 Domino
602 2669 800 2712 omnium
835 2668 1123 2718 exercituum,
1179 2667 1233 2709 ad
1272 2667 1403 2710 finem
1445 2666 1531 2708 cito
1570 2664 1856 2723 perveniatur

370 2742 607 2784 intentum.
