<?xml version="1.0" encoding="UTF-8"?>
<!DOCTYPE html PUBLIC "-//W3C//DTD XHTML 1.0 Transitional//EN"
    "http://www.w3.org/TR/xhtml1/DTD/xhtml1-transitional.dtd">
<html xmlns="http://www.w3.org/1999/xhtml" xml:lang="en" lang="en">
 <head>
  <title>
</title>
<meta http-equiv="Content-Type" content="text/html;charset=utf-8" />
  <meta name='ocr-system' content='tesseract 3.04.00' />
  <meta name='ocr-capabilities' content='ocr_page ocr_carea ocr_par ocr_line ocrx_word'/>
</head>
<body>
  <div class='ocr_page' id='page_1' title='image "./derecuperationet00dubouoft_0034.png"; bbox 0 0 1942 3242; ppageno 0'>
   <div class='ocr_carea' id='block_1_1' title="bbox 320 233 1273 279">
    <p class='ocr_par' dir='ltr' id='par_1_1' title="bbox 320 233 1273 279">
     <span class='ocr_line' id='line_1_1' title="bbox 320 233 1273 279; baseline 0.002 -16"><span class='ocrx_word' id='word_1_1' title='bbox 320 233 340 263; x_wconf 87' lang='lat'><strong>6</strong></span> <span class='ocrx_word' id='word_1_2' title='bbox 868 233 1050 279; x_wconf 72' lang='lat' dir='ltr'>pmanss</span> <span class='ocrx_word' id='word_1_3' title='bbox 1079 233 1273 266; x_wconf 76' lang='lat' dir='ltr'>Dnssols</span> 
     </span>
    </p>
   </div>
   <div class='ocr_carea' id='block_1_2' title="bbox 317 321 1820 1575">
    <p class='ocr_par' dir='ltr' id='par_1_2' title="bbox 317 321 1820 1575">
     <span class='ocr_line' id='line_1_2' title="bbox 321 321 1812 381; baseline 0.002 -18"><span class='ocrx_word' id='word_1_4' title='bbox 321 321 577 372; x_wconf 89' lang='lat' dir='ltr'>instructos,</span> <span class='ocrx_word' id='word_1_5' title='bbox 609 322 684 380; x_wconf 91' lang='lat' dir='ltr'>qui</span> <span class='ocrx_word' id='word_1_6' title='bbox 716 338 790 364; x_wconf 91' lang='lat' dir='ltr'>eos</span> <span class='ocrx_word' id='word_1_7' title='bbox 824 322 1061 364; x_wconf 89' lang='lat' dir='ltr'>consulunt</span> <span class='ocrx_word' id='word_1_8' title='bbox 1087 338 1185 364; x_wconf 88' lang='lat' dir='ltr'>cum</span> <span class='ocrx_word' id='word_1_9' title='bbox 1210 322 1394 375; x_wconf 85' lang='lat' dir='ltr'>volunt3</span> <span class='ocrx_word' id='word_1_10' title='bbox 1430 323 1484 365; x_wconf 90' lang='lat' dir='ltr'>de</span> <span class='ocrx_word' id='word_1_11' title='bbox 1518 324 1678 381; x_wconf 87' lang='lat' dir='ltr'>quibus</span> <span class='ocrx_word' id='word_1_12' title='bbox 1711 332 1812 366; x_wconf 86' lang='lat' dir='ltr'>sunt</span> 
     </span>
     <span class='ocr_line' id='line_1_3' title="bbox 322 392 1811 452; baseline 0.002 -18"><span class='ocrx_word' id='word_1_13' title='bbox 322 392 447 435; x_wconf 90' lang='lat' dir='ltr'>multi</span> <span class='ocrx_word' id='word_1_14' title='bbox 473 393 589 435; x_wconf 88' lang='lat' dir='ltr'>inter</span> <span class='ocrx_word' id='word_1_15' title='bbox 617 395 875 443; x_wconf 81' lang='lat' dir='ltr'>Saracenos,</span> <span class='ocrx_word' id='word_1_16' title='bbox 908 394 1115 452; x_wconf 87' lang='lat' dir='ltr'>quoniam</span> <span class='ocrx_word' id='word_1_17' title='bbox 1141 401 1257 435; x_wconf 91' lang='lat' dir='ltr'>artes</span> <span class='ocrx_word' id='word_1_18' title='bbox 1292 393 1382 444; x_wconf 86' lang='lat' dir='ltr'>ille,</span> <span class='ocrx_word' id='word_1_19' title='bbox 1421 394 1566 452; x_wconf 89' lang='lat' dir='ltr'>quoad</span> <span class='ocrx_word' id='word_1_20' title='bbox 1593 394 1708 445; x_wconf 88' lang='lat' dir='ltr'>illos,</span> <span class='ocrx_word' id='word_1_21' title='bbox 1742 411 1811 437; x_wconf 90' lang='lat' dir='ltr'>se-</span> 
     </span>
     <span class='ocr_line' id='line_1_4' title="bbox 323 463 1811 524; baseline 0.001 -18"><span class='ocrx_word' id='word_1_22' title='bbox 323 463 513 506; x_wconf 86' lang='lat' dir='ltr'>cundum</span> <span class='ocrx_word' id='word_1_23' title='bbox 536 481 687 507; x_wconf 91' lang='lat' dir='ltr'>eorum</span> <span class='ocrx_word' id='word_1_24' title='bbox 709 465 846 524; x_wconf 88' lang='lat' dir='ltr'>leges,</span> <span class='ocrx_word' id='word_1_25' title='bbox 872 473 975 507; x_wconf 89' lang='lat' dir='ltr'>sunt</span> <span class='ocrx_word' id='word_1_26' title='bbox 995 464 1131 515; x_wconf 88' lang='lat' dir='ltr'>licite,</span> <span class='ocrx_word' id='word_1_27' title='bbox 1162 481 1249 506; x_wconf 92' lang='lat' dir='ltr'>non</span> <span class='ocrx_word' id='word_1_28' title='bbox 1272 465 1512 523; x_wconf 79' lang='lat' dir='ltr'>prohibite.</span> <span class='ocrx_word' id='word_1_29' title='bbox 1539 467 1701 508; x_wconf 81' lang='lat' dir='ltr'><strong>Tamen</strong></span> <span class='ocrx_word' id='word_1_30' title='bbox 1729 466 1811 508; x_wconf 91' lang='lat' dir='ltr'>hu-</span> 
     </span>
     <span class='ocr_line' id='line_1_5' title="bbox 317 535 1811 595; baseline 0.001 -18"><span class='ocrx_word' id='word_1_31' title='bbox 317 535 512 593; x_wconf 89' lang='lat' dir='ltr'>jusmodi</span> <span class='ocrx_word' id='word_1_32' title='bbox 539 536 701 595; x_wconf 87' lang='lat' dir='ltr'>angeli,</span> <span class='ocrx_word' id='word_1_33' title='bbox 732 552 780 578; x_wconf 86' lang='lat' dir='ltr'>ac</span> <span class='ocrx_word' id='word_1_34' title='bbox 808 536 938 578; x_wconf 88' lang='lat' dir='ltr'>etiam</span> <span class='ocrx_word' id='word_1_35' title='bbox 967 535 1109 578; x_wconf 85' lang='lat' dir='ltr'>celum</span> <span class='ocrx_word' id='word_1_36' title='bbox 1135 552 1214 594; x_wconf 85' lang='lat' dir='ltr'>per</span> <span class='ocrx_word' id='word_1_37' title='bbox 1250 552 1375 578; x_wconf 90' lang='lat' dir='ltr'>suum</span> <span class='ocrx_word' id='word_1_38' title='bbox 1403 544 1583 587; x_wconf 89' lang='lat' dir='ltr'>motum,</span> <span class='ocrx_word' id='word_1_39' title='bbox 1619 553 1716 579; x_wconf 90' lang='lat' dir='ltr'>cum</span> <span class='ocrx_word' id='word_1_40' title='bbox 1743 537 1811 579; x_wconf 90' lang='lat' dir='ltr'>in-</span> 
     </span>
     <span class='ocr_line' id='line_1_6' title="bbox 322 605 1814 666; baseline 0.001 -18"><span class='ocrx_word' id='word_1_41' title='bbox 322 605 510 649; x_wconf 86' lang='lat' dir='ltr'>ssuencia</span> <span class='ocrx_word' id='word_1_42' title='bbox 540 623 774 666; x_wconf 89' lang='lat' dir='ltr'>corporum</span> <span class='ocrx_word' id='word_1_43' title='bbox 811 624 896 666; x_wconf 90' lang='lat' dir='ltr'>que</span> <span class='ocrx_word' id='word_1_44' title='bbox 926 615 1028 649; x_wconf 92' lang='lat' dir='ltr'>sunt</span> <span class='ocrx_word' id='word_1_45' title='bbox 1055 607 1099 648; x_wconf 92' lang='lat' dir='ltr'>in</span> <span class='ocrx_word' id='word_1_46' title='bbox 1126 607 1239 665; x_wconf 90' lang='lat' dir='ltr'>ipso,</span> <span class='ocrx_word' id='word_1_47' title='bbox 1270 607 1374 649; x_wconf 91' lang='lat' dir='ltr'>licet</span> <span class='ocrx_word' id='word_1_48' title='bbox 1401 607 1572 649; x_wconf 85' lang='lat' dir='ltr'>fortiter</span> <span class='ocrx_word' id='word_1_49' title='bbox 1599 607 1814 650; x_wconf 87' lang='lat' dir='ltr'>inclinant</span> 
     </span>
     <span class='ocr_line' id='line_1_7' title="bbox 322 678 1812 736; baseline 0.001 -17"><span class='ocrx_word' id='word_1_50' title='bbox 322 686 364 719; x_wconf 91' lang='lat' dir='ltr'>et</span> <span class='ocrx_word' id='word_1_51' title='bbox 405 687 580 720; x_wconf 91' lang='lat' dir='ltr'>movent</span> <span class='ocrx_word' id='word_1_52' title='bbox 611 678 813 720; x_wconf 91' lang='lat' dir='ltr'>homines</span> <span class='ocrx_word' id='word_1_53' title='bbox 852 678 906 720; x_wconf 88' lang='lat' dir='ltr'>ad</span> <span class='ocrx_word' id='word_1_54' title='bbox 937 694 1070 736; x_wconf 86' lang='lat' dir='ltr'>opera</span> <span class='ocrx_word' id='word_1_55' title='bbox 1105 678 1485 736; x_wconf 88' lang='lat' dir='ltr'>concupiscencie,</span> <span class='ocrx_word' id='word_1_56' title='bbox 1531 678 1727 729; x_wconf 84' lang='lat' dir='ltr'>audacie,</span> <span class='ocrx_word' id='word_1_57' title='bbox 1762 679 1812 720; x_wconf 88' lang='lat' dir='ltr'>ti·</span> 
     </span>
     <span class='ocr_line' id='line_1_8' title="bbox 322 749 1812 808; baseline 0.001 -18"><span class='ocrx_word' id='word_1_58' title='bbox 322 749 471 799; x_wconf 89' lang='lat' dir='ltr'>moris,</span> <span class='ocrx_word' id='word_1_59' title='bbox 502 749 703 800; x_wconf 85' lang='lat' dir='ltr'>avaricie,</span> <span class='ocrx_word' id='word_1_60' title='bbox 733 758 775 792; x_wconf 88' lang='lat' dir='ltr'>et</span> <span class='ocrx_word' id='word_1_61' title='bbox 796 749 877 792; x_wconf 87' lang='lat' dir='ltr'>alia</span> <span class='ocrx_word' id='word_1_62' title='bbox 905 766 958 791; x_wconf 87' lang='lat' dir='ltr'>ex</span> <span class='ocrx_word' id='word_1_63' title='bbox 985 749 1144 808; x_wconf 91' lang='lat' dir='ltr'>quibus</span> <span class='ocrx_word' id='word_1_64' title='bbox 1168 750 1292 808; x_wconf 88' lang='lat' dir='ltr'>sequi</span> <span class='ocrx_word' id='word_1_65' title='bbox 1320 749 1453 791; x_wconf 87' lang='lat' dir='ltr'>debet</span> <span class='ocrx_word' id='word_1_66' title='bbox 1474 750 1588 792; x_wconf 87' lang='lat' dir='ltr'>bona</span> <span class='ocrx_word' id='word_1_67' title='bbox 1614 750 1681 792; x_wconf 90' lang='lat' dir='ltr'>vel</span> <span class='ocrx_word' id='word_1_68' title='bbox 1703 750 1812 792; x_wconf 87' lang='lat' dir='ltr'>mala</span> 
     </span>
     <span class='ocr_line' id='line_1_9' title="bbox 323 809 1812 880; baseline 0.001 -18"><span class='ocrx_word' id='word_1_69' title='bbox 323 819 513 870; x_wconf 86' lang='lat' dir='ltr'>fortuna,</span> <span class='ocrx_word' id='word_1_70' title='bbox 538 836 627 862; x_wconf 90' lang='lat' dir='ltr'>non</span> <span class='ocrx_word' id='word_1_71' title='bbox 647 830 793 863; x_wconf 88' lang='lat' dir='ltr'>tamen</span> <span class='ocrx_word' id='word_1_72' title='bbox 815 821 1110 863; x_wconf 89' lang='lat' dir='ltr'>neccessitant</span> <span class='ocrx_word' id='word_1_73' title='bbox 1131 837 1212 863; x_wconf 91' lang='lat' dir='ltr'>nec</span> <span class='ocrx_word' id='word_1_74' title='bbox 1238 809 1532 863; x_wconf 81' lang='lat' dir='ltr'>neccessitare</span> <span class='ocrx_word' id='word_1_75' title='bbox 1552 830 1739 880; x_wconf 85' lang='lat' dir='ltr'>possunt</span> <span class='ocrx_word' id='word_1_76' title='bbox 1765 821 1812 864; x_wconf 91' lang='lat' dir='ltr'>li-</span> 
     </span>
     <span class='ocr_line' id='line_1_10' title="bbox 323 891 1814 951; baseline 0.001 -18"><span class='ocrx_word' id='word_1_77' title='bbox 323 892 478 933; x_wconf 89' lang='lat' dir='ltr'>berum</span> <span class='ocrx_word' id='word_1_78' title='bbox 499 892 691 934; x_wconf 90' lang='lat' dir='ltr'>hominis</span> <span class='ocrx_word' id='word_1_79' title='bbox 704 892 950 942; x_wconf 83' lang='lat' dir='ltr'>arbitrium,</span> <span class='ocrx_word' id='word_1_80' title='bbox 967 891 1275 950; x_wconf 89' lang='lat' dir='ltr'>necjudicium</span> <span class='ocrx_word' id='word_1_81' title='bbox 1291 892 1432 934; x_wconf 88' lang='lat' dir='ltr'>anime</span> <span class='ocrx_word' id='word_1_82' title='bbox 1445 893 1687 942; x_wconf 85' lang='lat' dir='ltr'>rationalis,</span> <span class='ocrx_word' id='word_1_83' title='bbox 1707 893 1814 951; x_wconf 90' lang='lat' dir='ltr'>quin</span> 
     </span>
     <span class='ocr_line' id='line_1_11' title="bbox 324 963 1814 1021; baseline 0.001 -17"><span class='ocrx_word' id='word_1_84' title='bbox 324 963 530 1004; x_wconf 89' lang='lat' dir='ltr'>resistere</span> <span class='ocrx_word' id='word_1_85' title='bbox 558 963 713 1021; x_wconf 86' lang='lat' dir='ltr'>possit,</span> <span class='ocrx_word' id='word_1_86' title='bbox 745 963 781 1005; x_wconf 91' lang='lat' dir='ltr'>si</span> <span class='ocrx_word' id='word_1_87' title='bbox 801 963 907 1013; x_wconf 90' lang='lat' dir='ltr'>vult,</span> <span class='ocrx_word' id='word_1_88' title='bbox 938 963 1142 1005; x_wconf 88' lang='lat' dir='ltr'>omnibus</span> <span class='ocrx_word' id='word_1_89' title='bbox 1168 963 1532 1021; x_wconf 80' lang='lat' dir='ltr'>temptationibus</span> <span class='ocrx_word' id='word_1_90' title='bbox 1560 971 1602 1005; x_wconf 92' lang='lat' dir='ltr'>et</span> <span class='ocrx_word' id='word_1_91' title='bbox 1623 964 1814 1006; x_wconf 75' lang='lat' dir='ltr'>⁴inclina-</span> 
     </span>
     <span class='ocr_line' id='line_1_12' title="bbox 324 1033 1814 1093; baseline 0.001 -18"><span class='ocrx_word' id='word_1_92' title='bbox 324 1033 537 1084; x_wconf 85' lang='lat' dir='ltr'>tionibus,</span> <span class='ocrx_word' id='word_1_93' title='bbox 562 1034 933 1093; x_wconf 85' lang='lat' dir='ltr'>contemplatione</span> <span class='ocrx_word' id='word_1_94' title='bbox 953 1035 1020 1076; x_wconf 90' lang='lat' dir='ltr'>sui</span> <span class='ocrx_word' id='word_1_95' title='bbox 1042 1035 1264 1077; x_wconf 85' lang='lat' dir='ltr'>Creatoris</span> <span class='ocrx_word' id='word_1_96' title='bbox 1286 1043 1328 1076; x_wconf 89' lang='lat' dir='ltr'>et</span> <span class='ocrx_word' id='word_1_97' title='bbox 1343 1034 1561 1087; x_wconf 83' lang='lat' dir='ltr'>virtutis¹3</span> <span class='ocrx_word' id='word_1_98' title='bbox 1586 1043 1629 1077; x_wconf 90' lang='lat' dir='ltr'>et</span> <span class='ocrx_word' id='word_1_99' title='bbox 1650 1044 1814 1093; x_wconf 86' lang='lat' dir='ltr'>quanto</span> 
     </span>
     <span class='ocr_line' id='line_1_13' title="bbox 326 1105 1815 1163; baseline 0.001 -17"><span class='ocrx_word' id='word_1_100' title='bbox 326 1105 555 1163; x_wconf 86' lang='lat' dir='ltr'>temptatio</span> <span class='ocrx_word' id='word_1_101' title='bbox 577 1105 732 1147; x_wconf 86' lang='lat' dir='ltr'>fortior</span> <span class='ocrx_word' id='word_1_102' title='bbox 758 1114 824 1147; x_wconf 91' lang='lat' dir='ltr'>est</span> <span class='ocrx_word' id='word_1_103' title='bbox 851 1121 899 1148; x_wconf 91' lang='lat' dir='ltr'>ac</span> <span class='ocrx_word' id='word_1_104' title='bbox 927 1106 1057 1148; x_wconf 89' lang='lat' dir='ltr'>etiam</span> <span class='ocrx_word' id='word_1_105' title='bbox 1084 1105 1313 1148; x_wconf 88' lang='lat' dir='ltr'>inclinatio</span> <span class='ocrx_word' id='word_1_106' title='bbox 1341 1115 1484 1148; x_wconf 83' lang='lat' dir='ltr'>motus</span> <span class='ocrx_word' id='word_1_107' title='bbox 1512 1114 1555 1148; x_wconf 92' lang='lat' dir='ltr'>et</span> <span class='ocrx_word' id='word_1_108' title='bbox 1581 1105 1815 1148; x_wconf 90' lang='lat' dir='ltr'>influencie</span> 
     </span>
     <span class='ocr_line' id='line_1_14' title="bbox 328 1177 1816 1236; baseline 0.001 -18"><span class='ocrx_word' id='word_1_109' title='bbox 328 1177 426 1226; x_wconf 90' lang='lat' dir='ltr'>celi,</span> <span class='ocrx_word' id='word_1_110' title='bbox 459 1177 821 1221; x_wconf 60' lang='lat' dir='ltr'>tantosesistens,</span> <span class='ocrx_word' id='word_1_111' title='bbox 849 1177 1024 1219; x_wconf 89' lang='lat' dir='ltr'>virtutis</span> <span class='ocrx_word' id='word_1_112' title='bbox 1051 1193 1196 1219; x_wconf 87' lang='lat' dir='ltr'>amore</span> <span class='ocrx_word' id='word_1_113' title='bbox 1224 1178 1362 1235; x_wconf 84' lang='lat' dir='ltr'>magis</span> <span class='ocrx_word' id='word_1_114' title='bbox 1390 1186 1582 1219; x_wconf 85' lang='lat' dir='ltr'>meretur</span> <span class='ocrx_word' id='word_1_115' title='bbox 1610 1186 1653 1219; x_wconf 89' lang='lat' dir='ltr'>ct</span> <span class='ocrx_word' id='word_1_116' title='bbox 1678 1178 1816 1236; x_wconf 85' lang='lat' dir='ltr'>magis</span> 
     </span>
     <span class='ocr_line' id='line_1_15' title="bbox 329 1247 1815 1307; baseline 0 -17"><span class='ocrx_word' id='word_1_117' title='bbox 329 1249 384 1290; x_wconf 88' lang='lat' dir='ltr'>ob</span> <span class='ocrx_word' id='word_1_118' title='bbox 419 1247 719 1289; x_wconf 87' lang='lat' dir='ltr'>resistenciam</span> <span class='ocrx_word' id='word_1_119' title='bbox 756 1256 822 1290; x_wconf 85' lang='lat' dir='ltr'>est</span> <span class='ocrx_word' id='word_1_120' title='bbox 855 1248 1092 1297; x_wconf 84' lang='lat' dir='ltr'>virtuosus,</span> <span class='ocrx_word' id='word_1_121' title='bbox 1123 1248 1376 1290; x_wconf 89' lang='lat' dir='ltr'>testimonio</span> <span class='ocrx_word' id='word_1_122' title='bbox 1407 1249 1682 1307; x_wconf 88' lang='lat' dir='ltr'>Philosophi,</span> <span class='ocrx_word' id='word_1_123' title='bbox 1719 1265 1815 1290; x_wconf 90' lang='lat' dir='ltr'>cum</span> 
     </span>
     <span class='ocr_line' id='line_1_16' title="bbox 330 1319 1818 1378; baseline 0 -17"><span class='ocrx_word' id='word_1_124' title='bbox 330 1320 388 1361; x_wconf 86' lang='lat' dir='ltr'>ait</span> <span class='ocrx_word' id='word_1_125' title='bbox 414 1319 555 1377; x_wconf 88' lang='lat' dir='ltr'>primo</span> <span class='ocrx_word' id='word_1_126' title='bbox 577 1319 840 1361; x_wconf 83' lang='lat' dir='ltr'>Moralium:</span> <span class='ocrx_word' id='word_1_127' title='bbox 879 1320 999 1362; x_wconf 85' lang='lat' dir='ltr'>Bene</span> <span class='ocrx_word' id='word_1_128' title='bbox 1020 1320 1131 1362; x_wconf 73' lang='lat' dir='ltr'>dixit</span> <span class='ocrx_word' id='word_1_129' title='bbox 1159 1321 1387 1362; x_wconf 77' lang='lat' dir='ltr'>Eraclitus</span> <span class='ocrx_word' id='word_1_130' title='bbox 1417 1321 1532 1378; x_wconf 80' lang='lat' dir='ltr'>quod</span> <span class='ocrx_word' id='word_1_131' title='bbox 1559 1331 1710 1363; x_wconf 76' lang='lat' dir='ltr'>contra</span> <span class='ocrx_word' id='word_1_132' title='bbox 1740 1321 1818 1378; x_wconf 63' lang='lat' dir='ltr'>dij:</span> 
     </span>
     <span class='ocr_line' id='line_1_17' title="bbox 329 1391 1820 1451; baseline 0 -19"><span class='ocrx_word' id='word_1_133' title='bbox 329 1391 553 1447; x_wconf 73' lang='lat' dir='ltr'>fi&#39;cz&#39;limum</span> <span class='ocrx_word' id='word_1_134' title='bbox 574 1406 743 1450; x_wconf 74' lang='lat' dir='ltr'>semper</span> <span class='ocrx_word' id='word_1_135' title='bbox 762 1394 933 1433; x_wconf 75' lang='lat' dir='ltr'>exarsit</span> <span class='ocrx_word' id='word_1_136' title='bbox 960 1394 1113 1444; x_wconf 73' lang='lat' dir='ltr'>virtus,</span> <span class='ocrx_word' id='word_1_137' title='bbox 1137 1401 1177 1432; x_wconf 84' lang='lat' dir='ltr'>et</span> <span class='ocrx_word' id='word_1_138' title='bbox 1202 1392 1322 1449; x_wconf 77' lang='lat' dir='ltr'>quod</span> <span class='ocrx_word' id='word_1_139' title='bbox 1340 1401 1523 1451; x_wconf 76' lang='lat' dir='ltr'>propter</span> <span class='ocrx_word' id='word_1_140' title='bbox 1549 1407 1602 1432; x_wconf 77' lang='lat' dir='ltr'>ea</span> <span class='ocrx_word' id='word_1_141' title='bbox 1630 1407 1712 1450; x_wconf 78' lang='lat' dir='ltr'>que</span> <span class='ocrx_word' id='word_1_142' title='bbox 1738 1391 1820 1433; x_wconf 79' lang='grc' dir='ltr'><strong>Ιιιι-</strong></span> 
     </span>
     <span class='ocr_line' id='line_1_18' title="bbox 333 1462 1820 1520; baseline 0.001 -18"><span class='ocrx_word' id='word_1_143' title='bbox 333 1462 478 1503; x_wconf 80' lang='lat' dir='ltr'>bemus</span> <span class='ocrx_word' id='word_1_144' title='bbox 497 1479 522 1503; x_wconf 84' lang='lat' dir='ltr'>a</span> <span class='ocrx_word' id='word_1_145' title='bbox 543 1471 702 1503; x_wconf 77' lang='lat' dir='ltr'>natura</span> <span class='ocrx_word' id='word_1_146' title='bbox 725 1478 809 1503; x_wconf 85' lang='lat' dir='ltr'>non</span> <span class='ocrx_word' id='word_1_147' title='bbox 828 1462 1030 1504; x_wconf 85' lang='lat' dir='ltr'>debemus</span> <span class='ocrx_word' id='word_1_148' title='bbox 1051 1463 1230 1504; x_wconf 82' lang='lat' dir='ltr'>landari</span> <span class='ocrx_word' id='word_1_149' title='bbox 1250 1478 1327 1503; x_wconf 81' lang='lat' dir='ltr'>nec</span> <span class='ocrx_word' id='word_1_150' title='bbox 1349 1465 1620 1520; x_wconf 71' lang='lat' dir='ltr'>victuperari,</span> <span class='ocrx_word' id='word_1_151' title='bbox 1651 1479 1728 1504; x_wconf 87' lang='lat' dir='ltr'>nee</span> <span class='ocrx_word' id='word_1_152' title='bbox 1753 1479 1820 1504; x_wconf 85' lang='lat' dir='ltr'>re-</span> 
     </span>
     <span class='ocr_line' id='line_1_19' title="bbox 333 1539 923 1575; baseline 0 -1"><span class='ocrx_word' id='word_1_153' title='bbox 333 1539 670 1575; x_wconf 75' lang='lat' dir='ltr'>munerationem</span> <span class='ocrx_word' id='word_1_154' title='bbox 693 1549 923 1575; x_wconf 78' lang='lat' dir='ltr'>meremur.</span> 
     </span>
    </p>
   </div>
   <div class='ocr_carea' id='block_1_3' title="bbox 331 1675 1826 2019">
    <p class='ocr_par' dir='ltr' id='par_1_3' title="bbox 331 1675 1826 2019">
     <span class='ocr_line' id='line_1_20' title="bbox 393 1675 1824 1734; baseline 0 -16"><span class='ocrx_word' id='word_1_155' title='bbox 393 1680 471 1730; x_wconf 71' lang='lat' dir='ltr'>[lv]</span> <span class='ocrx_word' id='word_1_156' title='bbox 521 1675 568 1720; x_wconf 83' lang='lat'>3.</span> <span class='ocrx_word' id='word_1_157' title='bbox 608 1675 675 1718; x_wconf 88' lang='lat' dir='ltr'>Ad</span> <span class='ocrx_word' id='word_1_158' title='bbox 710 1676 791 1717; x_wconf 88' lang='lat' dir='ltr'>hec</span> <span class='ocrx_word' id='word_1_159' title='bbox 831 1691 936 1734; x_wconf 86' lang='lat' dir='ltr'>ergo</span> <span class='ocrx_word' id='word_1_160' title='bbox 976 1675 1095 1733; x_wconf 88' lang='lat' dir='ltr'>quod</span> <span class='ocrx_word' id='word_1_161' title='bbox 1128 1677 1263 1718; x_wconf 81' lang='lat' dir='ltr'>Terra</span> <span class='ocrx_word' id='word_1_162' title='bbox 1300 1677 1461 1718; x_wconf 89' lang='lat' dir='ltr'>Sancta</span> <span class='ocrx_word' id='word_1_163' title='bbox 1495 1684 1647 1718; x_wconf 85' lang='lat' dir='ltr'>contra</span> <span class='ocrx_word' id='word_1_164' title='bbox 1679 1684 1745 1718; x_wconf 89' lang='lat' dir='ltr'>tot</span> <span class='ocrx_word' id='word_1_165' title='bbox 1781 1685 1824 1718; x_wconf 87' lang='lat' dir='ltr'>et</span> 
     </span>
     <span class='ocr_line' id='line_1_21' title="bbox 333 1746 1823 1798; baseline 0 -9"><span class='ocrx_word' id='word_1_166' title='bbox 333 1755 495 1798; x_wconf 89' lang='lat' dir='ltr'>tantos,</span> <span class='ocrx_word' id='word_1_167' title='bbox 524 1754 590 1790; x_wconf 88' lang='lat' dir='ltr'>tot</span> <span class='ocrx_word' id='word_1_168' title='bbox 623 1747 832 1789; x_wconf 87' lang='lat' dir='ltr'>demones</span> <span class='ocrx_word' id='word_1_169' title='bbox 865 1747 1082 1789; x_wconf 87' lang='lat' dir='ltr'>habentes</span> <span class='ocrx_word' id='word_1_170' title='bbox 1117 1747 1407 1797; x_wconf 88' lang='lat' dir='ltr'>consultores,</span> <span class='ocrx_word' id='word_1_171' title='bbox 1445 1746 1637 1789; x_wconf 86' lang='lat' dir='ltr'>fautores</span> <span class='ocrx_word' id='word_1_172' title='bbox 1677 1755 1719 1789; x_wconf 90' lang='lat' dir='ltr'>et</span> <span class='ocrx_word' id='word_1_173' title='bbox 1747 1747 1823 1789; x_wconf 91' lang='lat' dir='ltr'>ad-</span> 
     </span>
     <span class='ocr_line' id='line_1_22' title="bbox 331 1818 1822 1877; baseline 0 -17"><span class='ocrx_word' id='word_1_174' title='bbox 331 1820 501 1876; x_wconf 82' lang='lat' dir='ltr'>jutores</span> <span class='ocrx_word' id='word_1_175' title='bbox 527 1818 668 1877; x_wconf 90' lang='lat' dir='ltr'>possit</span> <span class='ocrx_word' id='word_1_176' title='bbox 693 1818 947 1876; x_wconf 87' lang='lat' dir='ltr'>recuperari</span> <span class='ocrx_word' id='word_1_177' title='bbox 974 1820 1016 1859; x_wconf 89' lang='lat' dir='ltr'>et</span> <span class='ocrx_word' id='word_1_178' title='bbox 1036 1826 1292 1876; x_wconf 86' lang='lat' dir='ltr'>recuperata</span> <span class='ocrx_word' id='word_1_179' title='bbox 1331 1818 1509 1868; x_wconf 85' lang='lat' dir='ltr'>servari,</span> <span class='ocrx_word' id='word_1_180' title='bbox 1548 1819 1822 1861; x_wconf 87' lang='lat' dir='ltr'>neccessarie</span> 
     </span>
     <span class='ocr_line' id='line_1_23' title="bbox 336 1889 1823 1947; baseline 0 -15"><span class='ocrx_word' id='word_1_181' title='bbox 336 1890 542 1932; x_wconf 88' lang='lat' dir='ltr'>videntur</span> <span class='ocrx_word' id='word_1_182' title='bbox 579 1890 801 1932; x_wconf 87' lang='lat' dir='ltr'>orationes</span> <span class='ocrx_word' id='word_1_183' title='bbox 849 1889 1004 1932; x_wconf 87' lang='lat' dir='ltr'>devote</span> <span class='ocrx_word' id='word_1_184' title='bbox 1048 1889 1308 1931; x_wconf 88' lang='lat' dir='ltr'>universalis</span> <span class='ocrx_word' id='word_1_185' title='bbox 1353 1889 1554 1939; x_wconf 88' lang='lat' dir='ltr'>ecclesie,</span> <span class='ocrx_word' id='word_1_186' title='bbox 1605 1905 1689 1947; x_wconf 91' lang='lat' dir='ltr'>que</span> <span class='ocrx_word' id='word_1_187' title='bbox 1734 1906 1823 1932; x_wconf 92' lang='lat' dir='ltr'>non</span> 
     </span>
     <span class='ocr_line' id='line_1_24' title="bbox 338 1960 1826 2019; baseline 0 -16"><span class='ocrx_word' id='word_1_188' title='bbox 338 1961 542 2003; x_wconf 81' lang='lat' dir='ltr'>videntur</span> <span class='ocrx_word' id='word_1_189' title='bbox 589 1961 744 2003; x_wconf 87' lang='lat' dir='ltr'>haberi</span> <span class='ocrx_word' id='word_1_190' title='bbox 765 1977 895 2019; x_wconf 90' lang='lat' dir='ltr'>posse</span> <span class='ocrx_word' id='word_1_191' title='bbox 923 1961 1018 2002; x_wconf 91' lang='lat' dir='ltr'>sine</span> <span class='ocrx_word' id='word_1_192' title='bbox 1047 1960 1359 2003; x_wconf 86' lang='lat' dir='ltr'>reformatione</span> <span class='ocrx_word' id='word_1_193' title='bbox 1389 1969 1527 2003; x_wconf 86' lang='lat' dir='ltr'>status</span> <span class='ocrx_word' id='word_1_194' title='bbox 1567 1961 1826 2004; x_wconf 88' lang='lat' dir='ltr'>universalis</span> 
     </span>
    </p>
   </div>
   <div class='ocr_carea' id='block_1_4' title="bbox 336 2167 1830 2879">
    <p class='ocr_par' dir='ltr' id='par_1_4' title="bbox 336 2167 1830 2879">
     <span class='ocr_line' id='line_1_25' title="bbox 387 2167 1827 2203; baseline 0.001 -2"><span class='ocrx_word' id='word_1_195' title='bbox 387 2171 420 2202; x_wconf 87' lang='lat'>1.</span> <span class='ocrx_word' id='word_1_196' title='bbox 450 2168 507 2202; x_wconf 83' lang='lat' dir='ltr'>Cf.</span> <span class='ocrx_word' id='word_1_197' title='bbox 530 2170 581 2202; x_wconf 86' lang='lat' dir='ltr'>De</span> <span class='ocrx_word' id='word_1_198' title='bbox 603 2167 723 2203; x_wconf 83' lang='lat' dir='ltr'>abrev.</span> <span class='ocrx_word' id='word_1_199' title='bbox 747 2168 813 2202; x_wconf 81' lang='lat' dir='ltr'>fol.</span> <span class='ocrx_word' id='word_1_200' title='bbox 837 2170 878 2202; x_wconf 90' lang='lat'>11</span> <span class='ocrx_word' id='word_1_201' title='bbox 907 2177 970 2202; x_wconf 82' lang='lat' dir='ltr'>vo:</span> <span class='ocrx_word' id='word_1_202' title='bbox 997 2181 1015 2201; x_wconf 91' lang='lat'>«</span> <span class='ocrx_word' id='word_1_203' title='bbox 1043 2168 1170 2202; x_wconf 82' lang='lat' dir='ltr'>Motus</span> <span class='ocrx_word' id='word_1_204' title='bbox 1199 2169 1269 2202; x_wconf 88' lang='lat' dir='ltr'>celi</span> <span class='ocrx_word' id='word_1_205' title='bbox 1288 2174 1323 2202; x_wconf 86' lang='lat' dir='ltr'>et</span> <span class='ocrx_word' id='word_1_206' title='bbox 1341 2168 1541 2202; x_wconf 86' lang='lat' dir='ltr'>influencia</span> <span class='ocrx_word' id='word_1_207' title='bbox 1570 2168 1662 2202; x_wconf 91' lang='lat' dir='ltr'>solis</span> <span class='ocrx_word' id='word_1_208' title='bbox 1685 2175 1721 2202; x_wconf 87' lang='lat' dir='ltr'>et</span> <span class='ocrx_word' id='word_1_209' title='bbox 1740 2169 1827 2203; x_wconf 88' lang='lat' dir='ltr'>lune</span> 
     </span>
     <span class='ocr_line' id='line_1_26' title="bbox 339 2215 1827 2262; baseline 0 -12"><span class='ocrx_word' id='word_1_210' title='bbox 339 2216 572 2262; x_wconf 86' lang='lat' dir='ltr'>aliarumque</span> <span class='ocrx_word' id='word_1_211' title='bbox 595 2215 789 2249; x_wconf 84' lang='lat' dir='ltr'>stellarum</span> <span class='ocrx_word' id='word_1_212' title='bbox 812 2216 970 2249; x_wconf 85' lang='lat' dir='ltr'>humana</span> <span class='ocrx_word' id='word_1_213' title='bbox 993 2228 1152 2261; x_wconf 83' lang='lat' dir='ltr'>corpora</span> <span class='ocrx_word' id='word_1_214' title='bbox 1185 2216 1393 2262; x_wconf 88' lang='lat' dir='ltr'>disponunt</span> <span class='ocrx_word' id='word_1_215' title='bbox 1414 2217 1459 2249; x_wconf 87' lang='lat' dir='ltr'>ad</span> <span class='ocrx_word' id='word_1_216' title='bbox 1481 2217 1667 2262; x_wconf 87' lang='lat' dir='ltr'>agendum</span> <span class='ocrx_word' id='word_1_217' title='bbox 1692 2228 1733 2250; x_wconf 85' lang='lat' dir='ltr'>ea</span> <span class='ocrx_word' id='word_1_218' title='bbox 1756 2228 1827 2262; x_wconf 87' lang='lat' dir='ltr'>que</span> 
     </span>
     <span class='ocr_line' id='line_1_27' title="bbox 339 2263 1826 2302; baseline 0 -5"><span class='ocrx_word' id='word_1_219' title='bbox 339 2264 480 2297; x_wconf 80' lang='lat' dir='ltr'>faciunt</span> <span class='ocrx_word' id='word_1_220' title='bbox 508 2269 544 2296; x_wconf 86' lang='lat' dir='ltr'>et</span> <span class='ocrx_word' id='word_1_221' title='bbox 572 2263 721 2297; x_wconf 82' lang='lat' dir='ltr'>fortiter</span> <span class='ocrx_word' id='word_1_222' title='bbox 742 2263 924 2298; x_wconf 87' lang='lat' dir='ltr'>inclinant</span> <span class='ocrx_word' id='word_1_223' title='bbox 951 2263 997 2297; x_wconf 85' lang='lat' dir='ltr'>ad</span> <span class='ocrx_word' id='word_1_224' title='bbox 1036 2263 1187 2302; x_wconf 88' lang='lat' dir='ltr'>eadem;</span> <span class='ocrx_word' id='word_1_225' title='bbox 1223 2275 1298 2297; x_wconf 88' lang='lat' dir='ltr'>non</span> <span class='ocrx_word' id='word_1_226' title='bbox 1335 2269 1455 2297; x_wconf 88' lang='lat' dir='ltr'>tamen</span> <span class='ocrx_word' id='word_1_227' title='bbox 1478 2264 1731 2297; x_wconf 81' lang='lat' dir='ltr'>neccessitant</span> <span class='ocrx_word' id='word_1_228' title='bbox 1760 2275 1826 2297; x_wconf 87' lang='lat' dir='ltr'>nec</span> 
     </span>
     <span class='ocr_line' id='line_1_28' title="bbox 340 2290 1825 2356; baseline 0 -12"><span class='ocrx_word' id='word_1_229' title='bbox 340 2310 485 2356; x_wconf 86' lang='lat' dir='ltr'>precise</span> <span class='ocrx_word' id='word_1_230' title='bbox 514 2322 650 2356; x_wconf 85' lang='lat' dir='ltr'>cogere</span> <span class='ocrx_word' id='word_1_231' title='bbox 684 2316 846 2356; x_wconf 83' lang='lat' dir='ltr'>possunt</span> <span class='ocrx_word' id='word_1_232' title='bbox 861 2310 1037 2344; x_wconf 83' lang='lat' dir='ltr'>&#39;liberum</span> <span class='ocrx_word' id='word_1_233' title='bbox 1075 2290 1267 2344; x_wconf 64' lang='lat' dir='ltr'>homiiium</span> <span class='ocrx_word' id='word_1_234' title='bbox 1298 2310 1497 2344; x_wconf 84' lang='lat' dir='ltr'>arbitrium</span> <span class='ocrx_word' id='word_1_235' title='bbox 1525 2316 1561 2344; x_wconf 85' lang='lat' dir='ltr'>et</span> <span class='ocrx_word' id='word_1_236' title='bbox 1582 2312 1825 2350; x_wconf 85' lang='lat' dir='ltr'>voluntatem,</span> 
     </span>
     <span class='ocr_line' id='line_1_29' title="bbox 339 2357 1826 2404; baseline 0 -13"><span class='ocrx_word' id='word_1_237' title='bbox 339 2370 410 2404; x_wconf 90' lang='lat' dir='ltr'>que</span> <span class='ocrx_word' id='word_1_238' title='bbox 434 2358 471 2391; x_wconf 88' lang='lat' dir='ltr'>in</span> <span class='ocrx_word' id='word_1_239' title='bbox 503 2357 722 2391; x_wconf 87' lang='lat' dir='ltr'>hominibus</span> <span class='ocrx_word' id='word_1_240' title='bbox 749 2357 845 2391; x_wconf 88' lang='lat' dir='ltr'>bene</span> <span class='ocrx_word' id='word_1_241' title='bbox 879 2358 1077 2404; x_wconf 85' lang='lat' dir='ltr'>dispositis</span> <span class='ocrx_word' id='word_1_242' title='bbox 1107 2357 1217 2391; x_wconf 86' lang='lat' dir='ltr'>debet</span> <span class='ocrx_word' id='word_1_243' title='bbox 1247 2358 1452 2392; x_wconf 86' lang='lat' dir='ltr'>secundum</span> <span class='ocrx_word' id='word_1_244' title='bbox 1479 2364 1617 2392; x_wconf 81' lang='lat' dir='ltr'>rectam</span> <span class='ocrx_word' id='word_1_245' title='bbox 1644 2358 1826 2392; x_wconf 82' lang='lat' dir='ltr'>rationem</span> 
     </span>
     <span class='ocr_line' id='line_1_30' title="bbox 338 2404 1823 2451; baseline 0 -13"><span class='ocrx_word' id='word_1_246' title='bbox 338 2405 544 2451; x_wconf 84' lang='lat' dir='ltr'>gubernari</span> <span class='ocrx_word' id='word_1_247' title='bbox 578 2405 858 2438; x_wconf 85' lang='lat' dir='ltr'>considerando</span> <span class='ocrx_word' id='word_1_248' title='bbox 889 2411 925 2439; x_wconf 87' lang='lat' dir='ltr'>et</span> <span class='ocrx_word' id='word_1_249' title='bbox 955 2417 1023 2451; x_wconf 80' lang='lat' dir='ltr'>per</span> <span class='ocrx_word' id='word_1_250' title='bbox 1052 2405 1238 2439; x_wconf 88' lang='lat' dir='ltr'>rationem</span> <span class='ocrx_word' id='word_1_251' title='bbox 1269 2406 1513 2444; x_wconf 85' lang='lat' dir='ltr'>conferendo,</span> <span class='ocrx_word' id='word_1_252' title='bbox 1547 2412 1583 2439; x_wconf 85' lang='lat' dir='ltr'>et</span> <span class='ocrx_word' id='word_1_253' title='bbox 1613 2404 1823 2451; x_wconf 85' lang='lat' dir='ltr'>probando</span> 
     </span>
     <span class='ocr_line' id='line_1_31' title="bbox 339 2452 1828 2498; baseline 0 -12"><span class='ocrx_word' id='word_1_254' title='bbox 339 2453 581 2486; x_wconf 81' lang='lat' dir='ltr'>memorando</span> <span class='ocrx_word' id='word_1_255' title='bbox 613 2458 649 2486; x_wconf 86' lang='lat' dir='ltr'>et</span> <span class='ocrx_word' id='word_1_256' title='bbox 681 2454 875 2498; x_wconf 85' lang='lat' dir='ltr'>arguendo</span> <span class='ocrx_word' id='word_1_257' title='bbox 898 2453 951 2486; x_wconf 90' lang='lat' dir='ltr'>sic</span> <span class='ocrx_word' id='word_1_258' title='bbox 973 2466 979 2486; x_wconf 74' lang='grc' dir='ltr'><strong>ι</strong></span> <span class='ocrx_word' id='word_1_259' title='bbox 1004 2465 1048 2486; x_wconf 85' lang='lat' dir='ltr'>ex</span> <span class='ocrx_word' id='word_1_260' title='bbox 1068 2452 1208 2486; x_wconf 84' lang='lat' dir='ltr'>talibus</span> <span class='ocrx_word' id='word_1_261' title='bbox 1230 2453 1355 2487; x_wconf 83' lang='lat' dir='ltr'>causis</span> <span class='ocrx_word' id='word_1_262' title='bbox 1387 2454 1481 2487; x_wconf 87' lang='lat' dir='ltr'>tales</span> <span class='ocrx_word' id='word_1_263' title='bbox 1503 2453 1657 2486; x_wconf 83' lang='lat' dir='ltr'>effectus</span> <span class='ocrx_word' id='word_1_264' title='bbox 1684 2453 1828 2498; x_wconf 81' lang='lat' dir='ltr'>pluries</span> 
     </span>
     <span class='ocr_line' id='line_1_32' title="bbox 338 2500 1828 2547; baseline -0.001 -14"><span class='ocrx_word' id='word_1_265' title='bbox 338 2506 544 2534; x_wconf 88' lang='lat' dir='ltr'>evenerunt</span> <span class='ocrx_word' id='word_1_266' title='bbox 576 2505 612 2533; x_wconf 87' lang='lat' dir='ltr'>et</span> <span class='ocrx_word' id='word_1_267' title='bbox 645 2512 803 2533; x_wconf 89' lang='lat' dir='ltr'>evenere</span> <span class='ocrx_word' id='word_1_268' title='bbox 835 2507 1157 2535; x_wconf 78' lang='lat' dir='ltr'>consueverunt...</span> <span class='ocrx_word' id='word_1_269' title='bbox 1190 2500 1416 2547; x_wconf 85' lang='lat' dir='ltr'>Hujusmodi</span> <span class='ocrx_word' id='word_1_270' title='bbox 1447 2500 1626 2534; x_wconf 87' lang='lat' dir='ltr'>memoria</span> <span class='ocrx_word' id='word_1_271' title='bbox 1668 2500 1828 2545; x_wconf 83' lang='lat' dir='ltr'>preteri-</span> 
     </span>
     <span class='ocr_line' id='line_1_33' title="bbox 338 2547 1829 2593; baseline -0.001 -12"><span class='ocrx_word' id='word_1_272' title='bbox 338 2554 458 2581; x_wconf 84' lang='lat' dir='ltr'>tarum</span> <span class='ocrx_word' id='word_1_273' title='bbox 493 2559 691 2581; x_wconf 81' lang='lat' dir='ltr'>causarum</span> <span class='ocrx_word' id='word_1_274' title='bbox 719 2554 754 2581; x_wconf 83' lang='lat' dir='ltr'>et</span> <span class='ocrx_word' id='word_1_275' title='bbox 782 2548 978 2581; x_wconf 78' lang='lat' dir='ltr'>effectuum</span> <span class='ocrx_word' id='word_1_276' title='bbox 1009 2547 1072 2593; x_wconf 88' lang='lat' dir='ltr'>qui</span> <span class='ocrx_word' id='word_1_277' title='bbox 1103 2559 1146 2581; x_wconf 85' lang='lat' dir='ltr'>ex</span> <span class='ocrx_word' id='word_1_278' title='bbox 1176 2547 1231 2581; x_wconf 87' lang='lat' dir='ltr'>eis</span> <span class='ocrx_word' id='word_1_279' title='bbox 1262 2547 1309 2581; x_wconf 86' lang='lat' dir='ltr'>ab</span> <span class='ocrx_word' id='word_1_280' title='bbox 1337 2547 1485 2593; x_wconf 85' lang='lat' dir='ltr'>origine</span> <span class='ocrx_word' id='word_1_281' title='bbox 1519 2547 1647 2581; x_wconf 89' lang='lat' dir='ltr'>mundi</span> <span class='ocrx_word' id='word_1_282' title='bbox 1679 2547 1829 2580; x_wconf 82' lang='lat' dir='ltr'>fuerunt</span> 
     </span>
     <span class='ocr_line' id='line_1_34' title="bbox 338 2594 1830 2640; baseline 0 -12"><span class='ocrx_word' id='word_1_283' title='bbox 338 2595 574 2640; x_wconf 87' lang='lat' dir='ltr'>subsequuti,</span> <span class='ocrx_word' id='word_1_284' title='bbox 600 2607 745 2628; x_wconf 88' lang='lat' dir='ltr'>necnon</span> <span class='ocrx_word' id='word_1_285' title='bbox 768 2595 940 2640; x_wconf 87' lang='lat' dir='ltr'>cognicio</span> <span class='ocrx_word' id='word_1_286' title='bbox 972 2607 1170 2628; x_wconf 85' lang='lat' dir='ltr'>causarum</span> <span class='ocrx_word' id='word_1_287' title='bbox 1198 2595 1436 2640; x_wconf 86' lang='lat' dir='ltr'>presencium</span> <span class='ocrx_word' id='word_1_288' title='bbox 1469 2607 1510 2628; x_wconf 88' lang='lat' dir='ltr'>ac</span> <span class='ocrx_word' id='word_1_289' title='bbox 1542 2594 1652 2628; x_wconf 84' lang='lat' dir='ltr'>solita</span> <span class='ocrx_word' id='word_1_290' title='bbox 1681 2594 1830 2640; x_wconf 87' lang='lat' dir='ltr'>conjec—</span> 
     </span>
     <span class='ocr_line' id='line_1_35' title="bbox 337 2642 1829 2688; baseline -0.001 -13"><span class='ocrx_word' id='word_1_291' title='bbox 337 2643 475 2676; x_wconf 81' lang='lat' dir='ltr'>turatio</span> <span class='ocrx_word' id='word_1_292' title='bbox 508 2642 720 2676; x_wconf 82' lang='lat' dir='ltr'>futurorum</span> <span class='ocrx_word' id='word_1_293' title='bbox 752 2643 950 2676; x_wconf 76' lang='lat' dir='ltr'>effectuum</span> <span class='ocrx_word' id='word_1_294' title='bbox 980 2655 1076 2688; x_wconf 89' lang='lat' dir='ltr'>quos</span> <span class='ocrx_word' id='word_1_295' title='bbox 1099 2642 1281 2688; x_wconf 88' lang='lat' dir='ltr'>subsequi</span> <span class='ocrx_word' id='word_1_296' title='bbox 1309 2642 1513 2676; x_wconf 85' lang='lat' dir='ltr'>verisimile</span> <span class='ocrx_word' id='word_1_297' title='bbox 1544 2647 1601 2675; x_wconf 89' lang='lat' dir='ltr'>est</span> <span class='ocrx_word' id='word_1_298' title='bbox 1631 2654 1674 2675; x_wconf 82' lang='lat' dir='ltr'>ex</span> <span class='ocrx_word' id='word_1_299' title='bbox 1704 2642 1829 2676; x_wconf 83' lang='lat' dir='ltr'>causis</span> 
     </span>
     <span class='ocr_line' id='line_1_36' title="bbox 337 2689 1827 2735; baseline -0.001 -12"><span class='ocrx_word' id='word_1_300' title='bbox 337 2689 592 2735; x_wconf 77' lang='lat' dir='ltr'>presentibus,</span> <span class='ocrx_word' id='word_1_301' title='bbox 611 2695 668 2723; x_wconf 78' lang='lat' dir='ltr'>est</span> <span class='ocrx_word' id='word_1_302' title='bbox 684 2702 795 2723; x_wconf 89' lang='lat' dir='ltr'>causa</span> <span class='ocrx_word' id='word_1_303' title='bbox 816 2690 1041 2735; x_wconf 82' lang='lat' dir='ltr'>prescientie</span> <span class='ocrx_word' id='word_1_304' title='bbox 1060 2695 1095 2723; x_wconf 84' lang='lat' dir='ltr'>et</span> <span class='ocrx_word' id='word_1_305' title='bbox 1118 2689 1328 2735; x_wconf 82' lang='lat' dir='ltr'>probabilis</span> <span class='ocrx_word' id='word_1_306' title='bbox 1347 2689 1590 2723; x_wconf 84' lang='lat' dir='ltr'>divinationis</span> <span class='ocrx_word' id='word_1_307' title='bbox 1613 2689 1827 2729; x_wconf 87' lang='lat' dir='ltr'>demonum,</span> 
     </span>
     <span class='ocr_line' id='line_1_37' title="bbox 336 2735 1828 2782; baseline -0.001 -12"><span class='ocrx_word' id='word_1_308' title='bbox 336 2742 372 2770; x_wconf 85' lang='lat' dir='ltr'>et</span> <span class='ocrx_word' id='word_1_309' title='bbox 398 2737 532 2771; x_wconf 83' lang='lat' dir='ltr'>modus</span> <span class='ocrx_word' id='word_1_310' title='bbox 564 2749 631 2782; x_wconf 85' lang='lat' dir='ltr'>per</span> <span class='ocrx_word' id='word_1_311' title='bbox 660 2749 769 2782; x_wconf 90' lang='lat' dir='ltr'>quem</span> <span class='ocrx_word' id='word_1_312' title='bbox 800 2742 1077 2770; x_wconf 85' lang='lat' dir='ltr'>consueverunt</span> <span class='ocrx_word' id='word_1_313' title='bbox 1109 2737 1278 2771; x_wconf 85' lang='lat' dir='ltr'>divinare</span> <span class='ocrx_word' id='word_1_314' title='bbox 1299 2735 1549 2782; x_wconf 82' lang='lat' dir='ltr'>probabiliter</span> <span class='ocrx_word' id='word_1_315' title='bbox 1570 2738 1614 2770; x_wconf 91' lang='lat' dir='ltr'>de</span> <span class='ocrx_word' id='word_1_316' title='bbox 1637 2736 1786 2770; x_wconf 81' lang='lat' dir='ltr'>suturis.</span> <span class='ocrx_word' id='word_1_317' title='bbox 1810 2749 1828 2768; x_wconf 88' lang='lat'>»</span> 
     </span>
     <span class='ocr_line' id='line_1_38' title="bbox 337 2783 1828 2831; baseline 0 -14"><span class='ocrx_word' id='word_1_318' title='bbox 337 2803 379 2809; x_wconf 88' lang='lat'>—</span> <span class='ocrx_word' id='word_1_319' title='bbox 403 2784 455 2818; x_wconf 85' lang='lat' dir='ltr'>La</span> <span class='ocrx_word' id='word_1_320' title='bbox 478 2786 595 2817; x_wconf 75' lang='lat' dir='ltr'>meme</span> <span class='ocrx_word' id='word_1_321' title='bbox 618 2784 788 2818; x_wconf 85' lang='lat' dir='ltr'>doctrine</span> <span class='ocrx_word' id='word_1_322' title='bbox 807 2790 864 2818; x_wconf 86' lang='lat' dir='ltr'>est</span> <span class='ocrx_word' id='word_1_323' title='bbox 879 2784 1043 2818; x_wconf 75' lang='lat' dir='ltr'>enoncce</span> <span class='ocrx_word' id='word_1_324' title='bbox 1063 2785 1157 2818; x_wconf 87' lang='lat' dir='ltr'>dans</span> <span class='ocrx_word' id='word_1_325' title='bbox 1171 2785 1203 2818; x_wconf 87' lang='lat' dir='ltr'>le</span> <span class='ocrx_word' id='word_1_326' title='bbox 1226 2783 1488 2831; x_wconf 74' lang='lat' dir='ltr'>Compendium</span> <span class='ocrx_word' id='word_1_327' title='bbox 1508 2783 1685 2818; x_wconf 72' lang='lat' dir='ltr'>studiide</span> <span class='ocrx_word' id='word_1_328' title='bbox 1704 2784 1828 2830; x_wconf 84' lang='lat' dir='ltr'>Rogcr</span> 
     </span>
     <span class='ocr_line' id='line_1_39' title="bbox 337 2831 1724 2879; baseline -0.001 -14"><span class='ocrx_word' id='word_1_329' title='bbox 337 2831 463 2865; x_wconf 81' lang='lat' dir='ltr'>Bacon</span> <span class='ocrx_word' id='word_1_330' title='bbox 482 2833 624 2879; x_wconf 78' lang='lat' dir='ltr'>(Opera</span> <span class='ocrx_word' id='word_1_331' title='bbox 647 2831 804 2872; x_wconf 80' lang='lat' dir='ltr'>inedita,</span> <span class='ocrx_word' id='word_1_332' title='bbox 829 2832 887 2866; x_wconf 81' lang='lat' dir='ltr'>e&#39;d.</span> <span class='ocrx_word' id='word_1_333' title='bbox 912 2832 1075 2873; x_wconf 85' lang='lat' dir='ltr'>Brewer,</span> <span class='ocrx_word' id='word_1_334' title='bbox 1100 2832 1285 2871; x_wconf 82' lang='lat' dir='ltr'>Londrcs,</span> <span class='ocrx_word' id='word_1_335' title='bbox 1306 2833 1408 2872; x_wconf 85' lang='lat'>1859,</span> <span class='ocrx_word' id='word_1_336' title='bbox 1433 2831 1543 2871; x_wconf 85' lang='lat' dir='ltr'>in·80,</span> <span class='ocrx_word' id='word_1_337' title='bbox 1566 2844 1602 2878; x_wconf 91' lang='lat' dir='ltr'>p.</span> <span class='ocrx_word' id='word_1_338' title='bbox 1627 2831 1724 2877; x_wconf 83' lang='lat'>422).</span> 
     </span>
    </p>
   </div>
  </div>
 </body>
</html>
