1942 3242
33 631 77 668 qui
123 631 282 658 beneficiam

68 667 116 694 des
143 667 218 693 biens
248 667 280 693 du

69 703 188 739 Temple.

34 1721 211 1756 Suppression
247 1721 280 1746 dc

69 1756 202 1783 l’ordre
240 1756 280 1782 du

70 1793 189 1828 Temple.

37 2078 213 2104 Colonisntion
236 2078 283 2104 des

72 2114 143 2140 lieux
154 2114 246 2140 suims.

302 247 363 279 134
846 250 1026 282 PIERRE
1058 251 1246 284 DUBOIS.

302 352 580 396 pregmvare,
620 354 701 380 nec
745 339 789 380 in
829 340 1122 398 prejudicium
1159 342 1404 400 reipublice
1440 344 1790 388 christicolarum

302 424 545 468 regumque
572 409 873 468 predictorum
901 412 1014 454 bona
1040 429 1211 456 sumere
1238 413 1367 456 saluti
1395 415 1639 474 reipublice
1666 417 1791 460 dedi-

304 487 412 522 cata.

359 623 410 668 4.
446 624 511 665 De
532 623 661 666 bonis
681 640 784 667 vero
806 640 890 682 que
907 625 1253 683 Templariorum
1276 627 1408 669 fuisse
1426 627 1646 679 dicuntur,
1671 629 1793 671 vide-

302 695 405 737 licet
423 695 477 737 de
505 695 742 738 mobilibus
762 697 1028 747 extantibus,
1054 705 1097 738 et
1118 697 1171 739 de
1190 697 1405 740 fructibus
1422 715 1470 741 ac
1487 699 1636 741 leveiis
1658 700 1793 742 futuri

300 766 512 824 temporis
539 782 679 825 usque
707 767 761 809 ad
789 767 983 826 quinque
1007 768 1074 810 vel
1105 784 1180 810 sex
1206 785 1360 819 annos,
1398 770 1625 828 expediret
1642 773 1792 829 juvare

302 837 468 879 dictum
496 837 697 880 ordinem
725 847 788 888 ut,
820 847 995 881 centum
1022 839 1168 898 galeas
1201 856 1278 882 seu
1305 840 1455 898 plures
1483 841 1666 892 habens,
1695 859 1792 884 cum

301 909 623 968 pugnatoribus
645 909 830 967 ydoneis
858 926 975 952 mare
1004 911 1295 953 custodiendo
1316 911 1546 954 soldanum
1573 921 1789 972 gravaret,

300 989 342 1022 et
377 988 539 1022 terram
570 981 679 1022 mari
709 981 966 1039 proximam,
1009 998 1093 1040 que
1128 982 1289 1024 dicitur
1323 982 1480 1026 durare
1506 1000 1585 1042 per
1611 985 1793 1043 triginta

300 1052 455 1102 dietas,
480 1060 682 1110 gravaret
703 1068 751 1094 ac
780 1052 1101 1111 depauperaret
1122 1053 1165 1095 in
1187 1061 1356 1096 tantum
1385 1055 1504 1112 quod
1525 1055 1733 1098 soldanus
1752 1065 1795 1098 et

301 1124 367 1165 sui
400 1123 598 1182 generali
627 1124 831 1182 passagio
863 1124 1067 1166 veniente
1101 1141 1190 1166 non
1220 1134 1402 1183 possent
1433 1126 1655 1177 resistere,
1694 1143 1793 1185 ymo

300 1195 475 1236 interim
499 1194 696 1237 subsidio
718 1196 849 1237 maris
870 1204 913 1237 et
940 1196 1156 1237 bonorum
1178 1212 1262 1254 que
1290 1213 1369 1255 per
1389 1198 1531 1255 ipsum
1561 1214 1792 1240 consueve-

288 1274 402 1316 ‚runt
422 1266 586 1307 habere
609 1275 824 1316 carentes,
857 1266 988 1309 dante
1015 1267 1220 1317 Domino,
1251 1277 1433 1325 possent
1454 1268 1507 1310 de
1529 1268 1646 1311 facili
1668 1285 1792 1328 supe-

300 1337 387 1379 rari
415 1346 458 1378 et
485 1337 674 1387 devinci,
706 1347 837 1395 prout
854 1339 938 1380 hoc
961 1338 1053 1380 fore
1073 1338 1286 1396 possibile
1312 1347 1530 1382 testantur
1550 1340 1792 1398 prudentes

300 1417 343 1450 et
370 1409 540 1466 experti
569 1409 731 1451 milites
771 1409 825 1451 de
861 1410 1061 1467 partibus
1095 1410 1181 1452 illis
1212 1411 1318 1460 nati,
1353 1411 1428 1468 qui
1459 1411 1717 1454 Babilonem
1751 1420 1794 1454 et

302 1480 511 1538 Egiptum
540 1496 637 1522 cum
665 1497 816 1522 eorum
843 1481 1165 1523 habitatoribus
1193 1481 1458 1539 profitentur
1491 1499 1536 1524 se
1564 1483 1726 1525 vidisse
1751 1491 1794 1525 et

301 1552 357 1593 ob
385 1552 503 1593 hunc
530 1551 661 1593 finem
689 1552 926 1611 diligenter
947 1553 1266 1595 considerasse.

362 1695 409 1740 5.
448 1693 661 1736 Ordinem
682 1710 785 1736 vero
809 1694 1159 1752 Templariorum
1181 1711 1278 1736 cum
1298 1695 1481 1737 consilio
1503 1696 1679 1737 concilii
1700 1712 1792 1738 mo-

303 1767 369 1808 dis
393 1766 597 1807 omnibus
619 1765 798 1823 expedit
833 1765 1051 1816 demoliri,
1088 1774 1131 1808 et
1158 1766 1361 1825 exigente
1386 1767 1563 1824 justicia
1598 1767 1792 1809 totaliter

303 1837 535 1887 adnullari,
570 1846 612 1879 et
639 1837 751 1878 sicut
787 1837 1034 1895 predictum
1063 1846 1128 1879 est
1156 1837 1208 1879 de
1239 1838 1367 1879 bonis
1396 1854 1546 1880 eorum
1575 1855 1712 1896 usque
1740 1838 1793 1881 ad

301 1909 506 1968 generale
534 1909 785 1967 passagium
807 1908 1027 1951 ordinare.

365 2051 412 2095 6.
451 2049 540 2091 Sed
571 2049 675 2090 licet
707 2049 908 2091 videatur
938 2048 1131 2099 difficile,
1165 2052 1473 2093 contentiones
1510 2060 1552 2093 et
1591 2052 1795 2094 scandala

304 2121 553 2180 principum
575 2120 771 2162 locorum
800 2120 1011 2171 vittando,
1036 2129 1136 2178 post
1156 2123 1403 2181 passagium
1419 2122 1472 2165 de
1494 2123 1621 2164 bonis
1642 2124 1794 2181 hujus-

306 2193 424 2234 modi
450 2201 707 2250 perpetuam
734 2191 1056 2234 ordinationem
1077 2193 1234 2243 facere,
1260 2194 1404 2251 quoad
1419 2210 1603 2251 presens
1623 2194 1795 2236 videtur

306 2264 545 2322 expedi[re]
583 2264 716 2321 quod,
745 2264 867 2321 prius
908 2264 1185 2306 considerato
1214 2265 1465 2322 hujusmodi
1500 2266 1695 2307 locorum
1729 2282 1795 2308 va-

307 2337 414 2384 lore,
458 2336 549 2392 ipsa
577 2335 806 2377 tradantur
834 2335 877 2376 in
909 2343 1165 2393 perpetuam
1194 2336 1534 2394 emphiteosym3
1559 2337 1796 2394 pensiones

306 2423 455 2448 eorum
483 2407 527 2448 in
550 2408 681 2448 certis
701 2407 809 2448 locis
831 2415 1118 2464 reponantur,
1148 2415 1194 2448 ut
1213 2423 1310 2449 cum
1333 2408 1537 2449 obveniet
1558 2408 1795 2450 necessitas

307 2478 486 2536 regibus
509 2478 764 2527 Jerusalem,
790 2478 956 2535 Egipti,
988 2486 1031 2519 et
1058 2479 1195 2527 Acon,
1228 2495 1275 2520 ac
1305 2478 1400 2520 aliis
1429 2479 1656 2521 catholicis
1685 2479 1794 2537 regi-

307 2550 388 2590 bus
405 2549 693 2590 orientalibus
710 2548 895 2590 ecclesie
911 2565 1089 2591 romane
1106 2565 1202 2591 cum
1220 2549 1452 2591 devotione
1465 2550 1791 2598 obedientibus,

308 2622 351 2661 in
398 2620 597 2677 quolibet
642 2636 795 2678 regno,
839 2621 1079 2678 provincia,
1117 2637 1191 2662 seu
1232 2621 1328 2662 loco
1373 2621 1592 2680 eligantur
1635 2620 1796 2679 ydonei

308 2700 593 2749 pugnatores,
626 2692 700 2749 qui
729 2691 782 2733 de
809 2692 893 2733 hiis
917 2691 1043 2732 bonis
1073 2692 1262 2734 habeant
1283 2708 1399 2734 arma
1421 2693 1550 2741 bona,
1576 2700 1618 2733 et
1645 2708 1795 2755 eorum

307 2771 506 2804 vecturas
539 2762 778 2804 secundum
807 2771 944 2804 status
967 2779 1084 2812 suos,
1111 2779 1159 2804 ac
1190 2771 1331 2805 vestes
1372 2763 1551 2812 similes,
1591 2763 1796 2805 videlicet

309 2834 503 2893 quinque
532 2842 705 2877 centum
735 2835 815 2877 sub
843 2850 930 2877 uno
963 2834 1236 2885 centurione,
1267 2843 1314 2877 ut
1341 2835 1568 2878 mittantur
1590 2850 1686 2877 cum
1714 2835 1796 2878 bu-
