1942 3242
311 242 352 274 16
858 243 1041 276 PIERRE
1071 244 1264 278 DUBOIS.

312 332 450 383 tione,
475 332 543 374 vel
565 332 842 375 mittendum.
865 333 938 376 Sic
959 349 1038 392 per
1058 349 1320 377 concursum
1340 343 1384 377 et
1404 335 1656 378 conflictum
1677 352 1804 396 auge-

313 404 447 455 bitur,
471 404 586 446 ultra
608 420 738 462 quam
759 404 889 446 modo
911 404 1032 447 credi
1059 413 1225 463 posset,
1256 422 1463 449 numerus
1490 415 1800 467 pugnatorum.

375 546 457 592 17.
495 548 603 589 Item
637 546 902 590 inducantur
929 548 1155 606 principes
1189 556 1231 591 et
1267 549 1341 591 alii
1371 550 1519 609 magni
1551 550 1626 609 qui
1660 558 1806 592 trans-

311 618 557 662 ffretabunt
584 618 638 661 ad
663 619 1010 677 promittendum
1038 619 1157 678 quod
1184 620 1220 663 si
1246 629 1429 680 propter
1456 630 1658 672 mortem,
1688 621 1806 664 infir-

312 691 522 741 mitatem,
567 707 642 733 seu
687 690 938 733 revertendi
977 690 1031 734 ad
1070 692 1250 750 propria
1287 709 1593 751 quamcunque
1633 709 1806 736 causam

313 761 534 804 dimittant
554 762 809 812 exercitum,
834 770 1002 804 certum
1023 762 1086 804 ibi
1114 762 1336 805 dimittent
1364 780 1461 806 cum
1489 764 1578 806 suis
1606 764 1738 807 armis
1763 772 1806 807 et

310 833 502 875 baneriis
518 849 748 875 numerum
770 842 1082 893 pugnatorum,
1107 850 1204 876 cum
1226 835 1438 893 impensis
1455 851 1563 894 quas
1579 835 1806 878 commode

311 905 560 946 ministrare
588 913 813 963 poterunt,
845 904 899 947 de
924 905 1144 947 thesauris
1172 906 1356 964 presidii
1377 908 1513 949 Terre
1541 906 1803 965 supplendis

310 983 353 1017 et
370 975 667 1033 perficiendis.

373 1119 453 1165 18.
485 1121 592 1161 Item
619 1118 884 1161 inducantur
911 1119 1075 1178 singuli
1102 1121 1404 1178 cujuscunque
1439 1136 1566 1162 sexus
1599 1128 1803 1179 potentes

311 1190 364 1232 ad
388 1191 471 1232 hoc
497 1190 615 1248 quod
636 1198 737 1248 post
761 1190 951 1248 primum
982 1190 1066 1232 iter
1093 1199 1332 1249 arreptum,
1364 1191 1564 1250 quolibet
1597 1207 1712 1234 anno
1740 1207 1802 1234 se-

311 1269 473 1319 quente
508 1269 748 1319 procurent
783 1270 826 1303 et
853 1262 1043 1312 mittant,
1076 1262 1229 1304 saltem
1265 1278 1405 1321 usque
1442 1262 1496 1304 ad
1530 1278 1663 1313 mare,
1704 1278 1802 1305 cum

310 1333 520 1390 impensis
552 1333 739 1375 subsidii
772 1333 956 1375 ulterius
988 1333 1354 1384 transvehendos,
1388 1343 1496 1392 quot
1532 1341 1802 1393 pugnatores

309 1412 518 1462 poterunt
546 1420 643 1446 cum
664 1404 875 1446 uxoribus
897 1413 1079 1463 propter
1105 1413 1267 1447 terram
1294 1405 1591 1463 populandam
1612 1413 1655 1447 et
1681 1405 1801 1447 inha-

309 1475 550 1525 bitandam,
575 1477 698 1533 juxta
720 1476 858 1534 ipsius
879 1484 997 1517 terre
1020 1476 1370 1534 recuperationis
1391 1484 1434 1518 et
1455 1476 1801 1518 conservationis

311 1548 405 1604 ejus
426 1547 775 1589 neccessitatem.

373 1688 454 1734 19.
485 1690 610 1739 Item,
642 1697 685 1731 et
716 1688 835 1747 quod
862 1697 1085 1739 strenuus,
1116 1689 1312 1747 prudens
1345 1705 1392 1731 ac
1420 1697 1627 1747 expertus
1654 1689 1795 1739 miles,

310 1768 492 1818 portans
513 1776 630 1802 arma
652 1760 889 1818 cujuslibet
910 1760 1115 1802 catholici
1134 1761 1366 1818 principis,
1392 1768 1613 1802 remaneat
1634 1760 1796 1802 ibidem

309 1847 406 1873 curn
429 1831 656 1890 signifero.

39 1982 287 2054 lnztfflisffrffisg
368 1973 451 2019 20.
494 1975 617 2024 Item,
655 1982 698 2016 et
733 1974 962 2032 quodlibet
1001 1990 1186 2033 regnum
1220 1974 1552 2025 catholicorum,
1595 1990 1676 2016 nec
1709 1989 1796 2016 non

74 2056 158 2116 {2⁶52
171 2054 287 2117 das'uiniss
307 2045 389 2088 alic
424 2046 509 2087 late
543 2046 747 2104 regiones
781 2045 978 2103 quelibet
1010 2045 1231 2096 videlicet,
1271 2046 1430 2087 habeat
1462 2046 1523 2087 ibi
1560 2045 1793 2094 civitatem,

73 2125 240 2161 reconquise-
308 2117 535 2159 castellum
563 2124 635 2158 aut
663 2116 793 2158 alium
814 2116 957 2158 locum
984 2117 1204 2175 insignem
1233 2133 1327 2158 cum
1357 2117 1464 2158 locis
1493 2116 1796 2174 adjacentibus

302 2190 423 2245 juxta
453 2187 519 2229 sui
545 2187 697 2245 populi
727 2187 1029 2245 quantitatem,
1060 2196 1107 2229 ut
1136 2187 1189 2229 de
1217 2203 1329 2229 novo
1356 2188 1583 2229 venientes
1610 2186 1795 2230 desolati

305 2275 384 2316 per
404 2259 569 2300 viarum
593 2258 834 2307 districtus,
859 2258 1087 2315 variasque
1115 2257 1349 2300 lectorum¹
1377 2266 1419 2300 et
1441 2258 1621 2300 aliarum
1649 2273 1794 2300 rerum

305 2331 528 2388 penurias,
560 2329 775 2387 recipiant
809 2329 871 2370 ibi
897 2337 996 2387 post
1028 2329 1254 2379 tristicias,
1291 2330 1498 2387 penurias
1529 2337 1572 2371 et
1599 2328 1790 2378 dolores,

304 2401 528 2459 gaudium,
554 2408 596 2442 et
617 2416 714 2442 cum
741 2399 1033 2442 delectatione
1054 2400 1197 2441 nativa
1218 2400 1562 2442 consolationem
1582 2417 1590 2452 ;
1623 2407 1794 2441 muten-

303 2480 374 2513 tur
396 2472 524 2513 etiam
546 2470 798 2528 hujusmodi
820 2471 996 2512 nomina
1018 2470 1229 2520 locorum,
1259 2479 1302 2512 et
1330 2471 1570 2513 forciantur
1591 2469 1717 2528 regni
1739 2469 1793 2511 de

306 2559 392 2600 quo
414 2543 615 2584 venerint
630 2542 880 2583 habitantes
902 2557 977 2583 seu
1000 2542 1185 2583 civitatis
1207 2543 1300 2599 ejus
1317 2540 1642 2599 sollempnioris
1658 2540 1792 2582 nomi-

304 2614 542 2663 nationem,
568 2629 652 2671 que
676 2613 844 2654 cunctis
867 2612 920 2654 de
942 2628 1054 2654 novo
1075 2613 1354 2654 venientibus
1374 2612 1593 2654 tediorum
1612 2619 1655 2653 et
1675 2611 1792 2652 labo-

307 2701 400 2727 rum
428 2701 508 2743 per
529 2701 657 2742 quam
680 2700 885 2743 magnum
907 2684 1122 2742 prestabit
1144 2684 1352 2726 solamen.
1379 2685 1565 2740 Propter
1587 2682 1705 2740 quod
1727 2698 1791 2723 so-

351 2840 384 2872 1.
415 2837 486 2870 Ms.
511 2842 546 2870 et
566 2836 740 2882 Bongars
760 2849 766 2869 τ
790 2835 999 2870 electorum.
