1942 3242
390 222 448 252 DE
479 220 899 252 RECUPERATIONE
931 221 1095 261 TERRE
1127 220 1330 252 SANGTE.
1584 221 1603 252 5

110 310 260 353 mondi
280 309 500 360 viderunt,
532 318 575 352 et
601 318 818 352 noverunt
839 326 991 352 causas
1019 310 1214 352 omnium
1235 325 1382 351 rerum
1411 317 1453 351 et
1474 308 1601 351 effec-

109 390 180 424 tus
207 398 260 425 ex
281 382 423 424 causis
441 389 789 440 consequentes3
813 382 1067 424 memoriam
1087 382 1253 424 habent
1268 381 1462 423 omnium
1484 381 1603 422 omni

111 453 332 495 oblivione
368 461 618 504 carentem3
655 469 806 495 causas
841 461 1074 512 presentes
1113 452 1349 511 dispositas
1387 452 1441 494 ad
1477 452 1601 494 indu·

111 524 299 567 cendum
333 523 516 567 effeetus
546 524 725 577 vident;
756 524 940 575 idcirco,
972 541 1068 566 eum
1097 524 1234 567 nichil
1256 527 1314 566 sit
1340 540 1492 568 novum
1521 524 1601 565 sub

107 596 210 650 sole,
250 604 298 638 ut
342 596 402 638 ait
437 594 682 646 Salomon¹‚
728 604 1021 638 memorantes
1065 595 1141 654 qui
1181 595 1364 638 effeetus
1411 595 1516 638 alias
1551 611 1603 637 ex

108 667 251 711 causis
284 667 501 710 similibus
532 675 788 718 evenerunt,
827 667 1029 726 judicant
1063 675 1106 709 et
1142 666 1340 710 divinant
1372 683 1451 726 per
1483 667 1601 709 hunc

107 739 283 781 modum
312 739 365 781 de
393 738 552 781 futuris
579 739 742 781 certius
769 755 899 797 quam
926 739 1128 781 homines
1156 755 1283 781 senes
1309 755 1316 780 :
1349 738 1466 797 quia,
1497 738 1601 780 licet

107 811 308 853 homines
344 810 528 853 multum
558 810 645 852 sint
682 827 826 861 senes,
868 811 1092 869 multaque
1125 810 1316 853 viderint
1349 818 1393 852 et
1430 810 1600 868 experti

107 882 286 932 fuerint,
316 891 462 924 tamen
484 898 635 924 eorum
658 882 847 924 sciencia
866 891 909 925 et
930 882 1207 941 experiencia
1230 882 1355 940 quasi
1376 881 1513 923 nichil
1535 889 1601 923 est

107 961 310 1012 respectu
333 954 524 996 sciencie
545 964 788 1004 causarum,
814 962 857 996 et
877 955 1155 1013 experiencie
1175 953 1288 996 tam²
1309 954 1492 1012 longeve
1516 954 1599 1011 spi-

107 1024 286 1075 rituum,
317 1026 392 1084 qui
415 1041 567 1067 omnes
589 1041 740 1068 causas
759 1042 808 1068 ae
830 1024 1014 1068 effectus
1035 1026 1089 1068 ab
1111 1026 1283 1085 origine
1300 1025 1449 1067 mondi
1472 1041 1598 1067 nove-

107 1104 237 1148 runt;
277 1097 339 1139 sic
378 1097 640 1155 expereneia
677 1097 807 1139 etiam
847 1097 994 1157 magni
1028 1097 1193 1148 Karoli,
1235 1097 1310 1155 qui
1344 1096 1482 1138 fertur
1519 1112 1598 1154 per

104 1175 280 1210 centum
300 1168 457 1227 viginti
479 1168 676 1226 quinque
698 1184 836 1210 annos
852 1185 1079 1228 regnasse,
1102 1168 1239 1211 nichil
1255 1177 1372 1210 esset
1392 1176 1597 1226 respectu

105 1255 270 1281 eorum.
296 1240 362 1281 De
380 1240 464 1281 hoc
486 1239 672 1298 loquens
694 1240 993 1298 Philosophus
1014 1239 1073 1282 ait
1096 1257 1104 1281 :
1130 1241 1265 1284 Nemo
1285 1240 1406 1297 eligit
1416 1242 1598 1298 juvenes

104 1311 247 1361 duces,
277 1311 483 1353 videlieet
510 1311 743 1362 bellorum,
774 1328 822 1353 eo
849 1313 968 1371 quod
990 1328 1074 1354 non
1099 1322 1268 1354 constat
1288 1327 1359 1354 eos
1378 1328 1470 1353 esse
1481 1328 1596 1369 pra-

105 1383 268 1435 dentes,
299 1383 431 1424 tertio
459 1383 754 1441 Topicorum3
785 1385 910 1441 cujus
942 1399 1114 1425 causam
1148 1382 1294 1425 reddit
1322 1391 1443 1425 sexto
1476 1383 1595 1424 Ethi-

106 1469 272 1503 corum,
297 1470 394 1495 eum
417 1454 498 1495 ait:
525 1455 685 1496 Multos
701 1455 885 1497 vidimus
890 1458 1074 1513 juvenes
1091 1461 1307 1513 sapientes
1333 1458 1377 1496 in
1396 1460 1595 1496 sciencia-

106 1525 217 1567 libus
238 1526 495 1584 disciplinis,
522 1542 607 1567 non
633 1536 774 1568 autem
791 1527 1031 1584 prudentes
1058 1530 1102 1568 in
1124 1527 1353 1585 agibilibus
1379 1526 1590 1579 humanis,

103 1603 308 1656 quoniam
319 1598 565 1654 prudencia
581 1597 805 1655 agl'bilium
826 1597 958 1656 hujus
973 1599 1128 1640 mundi
1140 1604 1184 1640 in
1206 1598 1327 1640 nobis
1343 1598 1595 1656 adquiritur

97 1685 180 1726 per
204 1672 525 1727 experienel'am
548 1670 782 1728 factorum.

160 1740 450 1799 Experieneia
477 1755 580 1782 vero
608 1739 741 1799 longo
774 1740 946 1800 indiget
976 1749 1203 1799 tempore3
1235 1743 1419 1799 juvenes
1447 1749 1589 1782 autem
1612 1754 1765 1801 mgfessiqn
1816 1763 1863 1781 sm·

99 1827 286 1870 paucum
318 1819 491 1870 tempus
523 1812 789 1862 habuerunt,
826 1828 962 1870 pauca
995 1813 1215 1863 viderunt,
1251 1829 1388 1871 pauca
1421 1813 1590 1871 experti
1643 1790 1864 1854 iiifiigffioedg:

100 1891 201 1925 sunt
220 1901 229 1934 3
254 1891 297 1925 et
318 1883 485 1925 ideirco
501 1899 629 1925 nemo
652 1899 755 1925 sane
777 1884 935 1926 mentis
958 1884 1082 1942 eligit
1103 1900 1177 1926 eos
1199 1884 1332 1926 duces
1354 1884 1585 1926 bellorum.
1644 1868 1743 1891 amem

101 1955 239 1997 Senes
265 1970 371 2013 ergo
399 1962 441 1996 et
468 1955 637 2012 experti
665 1954 829 1997 debent
856 1971 952 1997 esse
985 1955 1136 2006 duces,
1167 1955 1384 1998 bellorum
1411 1956 1590 1998 ordina—

98 2033 217 2067 tores
239 2034 281 2067 et
301 2034 586 2083 preceptores
605 2043 615 2078 ;
640 2034 682 2068 et
699 2028 897 2084 juvenes,
925 2027 1103 2069 senibus
1126 2027 1401 2078 obedientes,
1427 2027 1591 2069 debent

100 2112 196 2138 esse
219 2096 404 2138 faetores
432 2096 611 2139 fortium
634 2113 830 2155 operum.
858 2098 906 2141 Si
928 2114 1034 2157 ergo
1057 2114 1191 2141 senex
1211 2107 1394 2157 propter
1414 2098 1590 2158 longam

101 2168 422 2226 experienciam
449 2176 492 2209 et
519 2169 770 2210 memoriam
798 2169 953 2212 melius
982 2170 1064 2212 scit
1091 2169 1291 2228 judicare
1325 2179 1368 2212 et
1396 2170 1590 2212 divinare

101 2239 155 2281 de
183 2239 340 2281 suturis
371 2255 500 2297 quam
524 2240 713 2297 juvenis,
749 2240 885 2282 multo
918 2240 1089 2283 fortiori
1116 2242 1286 2283 ratione
1317 2241 1462 2300 angeli
1490 2241 1591 2283 mali

101 2311 263 2353 certius
292 2327 420 2369 quam
449 2311 700 2370 quicunque
729 2328 856 2354 senes
885 2311 1080 2354 divinare
1108 2321 1294 2371 possunt
1323 2313 1376 2355 de
1405 2313 1588 2365 futuris;

101 2390 143 2424 et
165 2382 226 2424 sie
248 2382 421 2424 videtur
442 2382 561 2440 quod
577 2391 763 2440 possunt
784 2384 913 2426 etiam
934 2384 1204 2442 prudentum
1220 2384 1499 2442 operationes
1516 2385 1590 2426 im-

100 2453 253 2512 pedire
294 2453 382 2495 suis
422 2453 798 2511 persuasionibus,
852 2455 1217 2513 temptationibus
1269 2464 1311 2497 et
1357 2456 1590 2514 presertim

101 2524 515 2574 consultationibus,
556 2532 765 2582 quantum
801 2525 855 2568 ad
883 2526 1052 2584 aliquos
1086 2527 1131 2569 in
1158 2527 1326 2569 artibus
1353 2527 1590 2585 prohibitis

102 2677 197 2711 mori
218 2689 292 2711 non
314 2683 503 2717 verentur,
529 2678 716 2723 fugientes
738 2679 947 2714 doctrinam
969 2679 1229 2726 Huguecionis
1252 2682 1315 2728 qui
1337 2682 1411 2716 ait:
1441 2696 1459 2716 «
1487 2682 1590 2717 Felix

103 2730 160 2759 est
181 2737 291 2771 quem
310 2726 450 2759 faciunt
471 2726 591 2760 aliena
610 2726 777 2772 pericula
799 2727 949 2762 doctum
971 2740 1038 2763 seu
1062 2734 1211 2763 cautum
1233 2742 1266 2763 ».

151 2774 185 2806 1.
214 2772 315 2807 Eccl.
338 2773 367 2812 Ι.
390 2775 446 2808 10.

153 2820 186 2855 2.
215 2819 389 2866 Bongars
409 2834 415 2854 z
435 2831 567 2856 causa.
