1942 3242
80 1535 106 1556 et
122 1529 169 1556 des
186 1530 329 1565 drogmanu

127 1575 160 1592 en
176 1566 277 1593 Orient.

346 213 386 245 408
887 212 1071 245 PIERRE
1101 211 1294 246 DUBOIS‚

350 302 492 344 minus
520 318 660 361 papa;
691 318 801 360 quos
832 303 1064 362 episcopos
1094 319 1191 344 cum
1229 318 1381 345 eorum
1413 302 1606 361 populis,
1641 301 1838 360 aliosque

348 373 498 431 plures
527 374 579 416 ab
601 374 886 416 observancia
906 382 949 416 et
981 373 1239 416 obediencia
1271 373 1458 416 ecclesie
1488 389 1668 416 romane
1697 373 1839 416 disso-

348 436 519 496 nantes,
545 445 773 503 expediret
794 445 936 487 eidem
958 446 1144 488 ecclesie
1165 445 1283 487 uniri
1309 453 1353 488 et
1382 445 1643 487 obedientes
1671 444 1768 487 fieri
1794 452 1840 487 et

349 533 447 559 cum
474 518 569 576 ipsa
591 517 941 570 communicare;
967 517 1086 576 quod
1118 533 1205 559 non
1234 525 1386 575 posset
1413 533 1509 559 esse
1541 516 1626 559 nisi
1654 516 1840 558 ecclesia

349 605 527 631 romana
554 588 703 647 plures
738 589 850 631 bene
883 588 1080 631 literatos
1114 588 1159 630 in
1193 604 1345 631 eorum
1383 588 1604 647 ydiomate
1636 588 1836 638 haberet,

349 677 428 719 per
450 677 559 718 quos
582 660 644 702 eis
673 661 915 712 scriberet;
946 676 1027 702 nec
1058 661 1192 702 Terra
1223 661 1382 703 Sancta
1418 668 1461 701 et
1494 660 1533 701 ei
1561 659 1839 718 presidentes

349 748 604 775 succursum
626 748 776 774 eorum
798 740 841 774 et
859 732 1209 774 communionem
1233 731 1378 790 quoad
1396 747 1465 773 res
1486 739 1638 789 posset
1656 731 1836 781 habere,

349 804 434 846 nisi
462 803 664 846 similiter
685 803 902 846 haberent
927 803 1078 861 plures
1104 803 1218 845 bene
1246 802 1444 845 literatos
1471 803 1515 844 in
1543 802 1840 861 ydiomatibus

350 891 517 918 eorum.
548 875 617 918 Ad
646 876 728 917 hec
755 875 887 925 enim,
919 883 966 916 ut
993 875 1052 917 ait
1083 874 1238 917 Plato:
1286 874 1408 917 Vobis
1437 875 1570 916 datus
1591 883 1656 916 est
1678 890 1838 927 sermo,

350 957 396 990 ut
412 964 493 1006 pet·
513 951 654 1005 ipsum
676 957 826 1005 presto
852 947 968 1003 fiant
988 956 1132 988 mutue
1160 947 1400 989 voluntatis
1413 946 1604 1004 judicia.

411 1019 458 1061 Si
480 1019 596 1060 enim
616 1018 754 1060 voluit
781 1018 1012 1068 Dominus,
1038 1026 1081 1060 et
1108 1017 1287 1076 expedit
1313 1033 1539 1060 romanum
1567 1017 1837 1075 pontificem,

349 1091 558 1133 vicarium
588 1106 730 1140 suum,
764 1089 884 1132 Petri
917 1089 1061 1131 locum
1088 1097 1313 1131 tenentem
1340 1089 1384 1131 in
1411 1089 1558 1139 terris,
1590 1088 1682 1131 fore
1711 1097 1841 1147 caput

350 1162 608 1205 universalis
631 1161 817 1204 ecclesie
839 1177 1080 1219 omnesque
1109 1161 1192 1202 sibi
1215 1160 1412 1211 obedire,
1437 1169 1568 1218 prout
1589 1168 1840 1203 sanctorum

350 1236 528 1277 Patrum
569 1241 729 1288 statuta
774 1232 1033 1285 declarant;
1073 1248 1153 1290 per
1192 1247 1469 1290 consequens
1501 1231 1639 1274 voluit
1669 1240 1711 1274 et
1749 1231 1841 1274 vult

349 1307 565 1348 Dominus
588 1305 735 1348 omnia
757 1305 811 1347 ad
837 1305 919 1346 hec
938 1304 1214 1346 neccessaria
1235 1311 1278 1345 et
1299 1302 1572 1346 conferentia
1592 1302 1837 1361 provideri3

350 1378 455 1420 alias
477 1393 565 1420 non
587 1385 703 1419 esset
724 1393 799 1418 sua
825 1376 1026 1418 voluntas
1048 1375 1243 1434 perfecte
1271 1375 1500 1427 ordinata;
1526 1376 1649 1432 cujus
1671 1382 1839 1417 contra·

351 1450 462 1492 rium
485 1457 601 1491 esset
629 1448 874 1491 hereticum
901 1447 1064 1489 dicere.

410 1520 640 1574 Quomodo
668 1536 774 1579 ergo
801 1535 1007 1562 romanus
1034 1519 1247 1577 pontifex,
1273 1519 1347 1577 qui
1369 1519 1542 1577 linguas
1567 1518 1724 1560 horum
1752 1531 1840 1559 non

350 1592 486 1642 novit,
504 1592 578 1650 qui
597 1592 717 1650 ipsos
736 1591 968 1649 loquentes
984 1590 1234 1649 intelligere
1247 1606 1334 1632 non
1351 1598 1498 1648 potest
1513 1606 1594 1632 nec
1615 1589 1699 1648 ipsi
1722 1604 1836 1638 eum,

352 1680 426 1705 eos
455 1664 643 1706 attrahet
672 1663 726 1704 ad
758 1663 970 1705 unitatem
1001 1670 1044 1703 et
1071 1661 1376 1703 obedienciam
1411 1661 1596 1703 ecclesie
1626 1659 1841 1702 romane?

352 1734 583 1789 Quomodo
606 1734 821 1776 amovebit
843 1750 1014 1776 errores
1043 1750 1064 1775 a
1100 1733 1308 1775 cordibus
1343 1749 1509 1782 eorum,
1542 1732 1626 1774 nisi
1655 1747 1733 1789 per
1760 1730 1839 1773 ali-

351 1822 461 1864 quos
499 1807 765 1864 interpretes
798 1805 1056 1863 prudente&
1101 1804 1270 1854 fideles,
1322 1805 1396 1862 qui
1442 1804 1564 1862 prius
1610 1803 1840 1860 utriusque

349 1877 542 1936 linguam
560 1878 824 1936 intelligant,
850 1885 1020 1919 mutuas
1036 1876 1281 1918 voluntates
1304 1875 1524 1934 explicent
1542 1893 1550 1926 ;
1571 1873 1840 1932 respondere

349 1958 434 1991 tam
463 1949 783 1991 rationabiliter
803 1949 942 1990 sciant
957 1948 1011 1990 ad
1026 1948 1199 2005 objecta
1226 1948 1528 1997 barbarorum,
1555 1945 1673 2004 quod
1689 1961 1839 1987 eorum

350 2021 581 2078 opiniones
609 2037 815 2063 erroneas
845 2021 1101 2071 destruant3
1141 2035 1220 2077 per
1254 2018 1618 2061 inconvincibiles
1646 2017 1839 2060 rationes

349 2108 423 2134 eos
446 2101 646 2134 moveant
662 2101 705 2134 et
727 2092 948 2134 attrahant
964 2091 1018 2133 ad
1031 2090 1260 2132 veritatem
1275 2090 1565 2148 professionis
1582 2089 1835 2132 christiane.

411 2165 523 2206 Sunt
545 2164 675 2206 etiam
703 2172 745 2206 et
773 2171 901 2205 erunt
927 2162 1063 2204 multa
1085 2161 1165 2204 alia
1195 2162 1248 2204 ad
1275 2162 1359 2204 hoc
1389 2161 1661 2203 conferentia
1689 2175 1774 2219 que
1795 2160 1839 2202 in

350 2235 638 2293 sequentibus
679 2235 969 2293 apparebunt,
1012 2243 1055 2275 et
1089 2250 1167 2292 per
1220 2242 1477 2291 sequentem
1524 2232 1835 2291 provisionem,

349 2314 506 2365 agente
534 2307 739 2356 Domin0‚
772 2306 961 2348 finaliter
989 2320 1075 2347 non
1105 2305 1250 2347 subito
1272 2312 1481 2362 poterunt
1508 2303 1714 2362 optineri.

408 2378 593 2419 Romani
609 2378 724 2419 enim
740 2376 988 2435 pontifices,
1014 2375 1189 2434 quando
1208 2375 1261 2417 ad
1281 2384 1401 2417 tante
1424 2375 1650 2433 dignitatis
1672 2374 1839 2432 apicem

349 2458 559 2491 vocantur
597 2457 711 2490 etate
750 2448 961 2506 provecti,
1010 2455 1192 2505 propter
1233 2462 1380 2489 curam
1414 2447 1525 2488 tanti
1566 2445 1715 2505 gregis
1755 2443 1839 2486 sibi

350 2520 624 2562 commissam
660 2519 897 2578 plurimum
928 2518 1144 2576 occupati,
1185 2517 1306 2560 nullo
1341 2518 1470 2560 modo
1504 2525 1686 2575 possent
1712 2515 1839 2574 ydio-

350 2600 460 2633 mata
488 2591 639 2633 talium
662 2591 918 2642 addiscere;
954 2598 997 2631 et
1025 2590 1060 2631 si
1089 2589 1253 2632 scirent
1280 2605 1368 2631 non
1395 2589 1510 2631 irent
1537 2587 1592 2630 ad
1612 2587 1728 2637 illos,
1759 2602 1840 2628 nec

349 2662 414 2705 illi
442 2663 642 2704 venirent
669 2662 723 2704 ad
742 2661 883 2715 eum¹3
914 2677 995 2704 nec
1023 2661 1132 2703 tales
1159 2661 1426 2719 interpretes
1451 2659 1593 2718 parati
1611 2666 1728 2709 sunt,
1758 2673 1839 2700 nec

398 2818 430 2851 1.
461 2815 563 2851 Dans
587 2829 626 2850 sa
646 2816 910 2865 Supplication
927 2815 978 2850 du
993 2790 1126 2864 pueble
1146 2815 1189 2850 de
1210 2817 1350 2850 France
1372 2826 1422 2849 au
1440 2826 1505 2860 roy
1526 2822 1655 2848 contre
1682 2814 1715 2847 le
1742 2825 1837 2860 pape
