1942 3242
387 232 444 265 DE
475 228 897 264 RECUPERATIONE
928 227 1090 261 TERRE
1121 226 1322 260 SANc'rE.
1560 225 1600 257 15

109 325 270 368 derunt
291 331 336 365 et
355 323 401 364 in
421 323 561 380 ipsam
578 318 908 379 peccaverunt¹.
935 319 1021 373 Qui
1042 319 1275 360 thesaurus
1297 332 1484 366 annuuS,
1503 331 1601 358 cum

109 395 330 439 videbitur
371 395 465 452 ejus
507 392 748 451 profectus,
794 390 1029 448 largitione
1066 389 1260 431 fidelium
1301 396 1343 430 et
1383 404 1436 429 ex
1473 387 1602 429 bonis

109 483 291 528 guerras
318 465 601 513 moventium,
633 463 818 520 aliisque
846 461 1048 519 pluribus
1077 460 1233 510 modis,
1264 475 1468 518 magnum
1495 458 1603 500 reci·

108 539 200 598 piet
220 537 588 584 inchrementum,
619 541 751 592 prout
782 532 966 574 inferius
999 548 1080 590 pro
1110 547 1267 591 magna
1293 538 1417 589 parte
1444 529 1604 571 clarius

109 608 354 669 apparebit.

170 755 229 806 [X]
263 751 344 796 16.
379 751 578 807 Cumque
606 747 723 790 dicta
753 748 889 789 Terra
916 762 1075 806 magno
1103 744 1312 787 conflictu
1340 743 1604 802 populorum

111 831 237 883 egeat
253 821 398 881 quoad
418 836 618 879 presens,
640 818 939 861 sanctissimus
970 833 1098 876 papa,
1115 825 1245 875 prout
1262 816 1439 865 dicitur,
1456 815 1603 872 hujus-

114 894 232 937 modi
265 893 491 952 negotium
524 891 762 950 plurimum
796 888 920 931 cordi
956 889 1140 938 habens,
1183 887 1488 930 exhortabitur
1521 886 1604 927 sin-

114 965 242 1025 gulos
264 964 457 1023 prelatos
483 962 538 1004 ad
565 960 827 1003 mittendum
855 960 959 1002 illuc
988 976 1084 1002 cum
1112 959 1323 1017 impensis
1352 958 1457 1007 suis,
1484 959 1605 1015 juxta

116 1052 216 1078 suas
239 1035 483 1084 facultates,
498 1041 668 1075 tantum
691 1040 901 1090 quantum
923 1032 1133 1089 poterint,
1153 1032 1361 1088 majorem
1377 1044 1607 1071 numerum

118 1115 430 1166 pugnatorum,
469 1104 686 1146 similibus
719 1103 840 1145 robis
880 1102 1151 1152 indutorum,
1193 1101 1400 1143 videlicet
1437 1100 1608 1158 equites

119 1194 214 1228 suc,
244 1186 288 1220 et
314 1177 487 1236 pedites
511 1192 590 1218 suo
612 1175 758 1224 modo,
793 1190 874 1216 nec
895 1190 985 1216 non
1013 1182 1056 1216 et
1083 1173 1213 1216 armis
1240 1173 1457 1215 similibus
1485 1171 1608 1213 indu-

118 1258 263 1292 torum
287 1265 384 1291 cum
405 1248 583 1290 baneria
613 1246 779 1288 domini
806 1245 1022 1287 mittentis
1048 1245 1242 1287 eosdem.
1274 1246 1329 1287 Et
1354 1243 1612 1302 procurabit

120 1321 235 1364 idem
257 1320 460 1362 dominus
481 1334 594 1377 papa
616 1317 735 1376 quod
763 1317 964 1359 similiter
986 1317 1227 1375 principes,
1252 1332 1331 1374 per
1359 1332 1403 1357 se
1436 1315 1472 1357 si
1499 1331 1611 1356 com-

121 1392 249 1434 mode
275 1391 463 1450 possint,
495 1390 531 1431 si
563 1405 668 1440 non,
703 1405 782 1447 per
810 1388 1000 1446 aliquem
1027 1388 1248 1446 ydoneum
1276 1387 1373 1445 loco
1401 1387 1483 1437 sui,
1515 1401 1612 1428 cum

122 1463 253 1506 armis
274 1471 317 1505 et
343 1461 538 1504 baneriis
561 1461 650 1502 suis
672 1478 682 1512 ;
707 1460 766 1502 ita
794 1459 913 1518 quod
941 1475 1093 1501 omnes
1121 1460 1211 1501 nati
1240 1459 1294 1501 de
1322 1459 1504 1518 regione
1537 1473 1613 1499 cu-

123 1535 302 1592 juslibet
346 1533 578 1592 principis,
626 1548 706 1590 per
743 1547 1031 1589 quoscunque
1073 1530 1279 1573 videlicet
1312 1532 1614 1588 cujuscunque

125 1605 391 1648 conditionis
422 1604 623 1646 homines
650 1603 740 1644 illic
766 1603 1014 1644 transmissi
1044 1602 1205 1644 facient
1235 1603 1371 1644 aciem
1399 1618 1545 1651 unam,
1579 1601 1615 1642 si

125 1676 180 1719 ad
199 1677 284 1719 hoc
303 1675 548 1727 sufficiant3
574 1675 735 1724 sinon,
760 1674 948 1732 proximi
970 1673 1147 1716 illorum
1169 1673 1342 1732 linguas
1371 1689 1470 1715 suas
1491 1672 1615 1714 intel-

125 1748 315 1807 ligentes
347 1747 643 1805 adjungentur
674 1745 855 1795 eisdem,
890 1746 934 1787 in
964 1753 1132 1787 tantum
1162 1745 1281 1803 quod
1312 1761 1365 1787 ex
1390 1745 1498 1802 ipsis
1532 1743 1616 1785 suf-

127 1819 278 1862 ficiens
300 1819 414 1860 acies
436 1817 743 1860 constituatur.
767 1818 1079 1874 Cujuscunque
1101 1816 1375 1858 condicionis
1397 1816 1614 1865 homines,

127 1891 258 1933 etiam
285 1890 477 1939 domine,
508 1905 596 1930 non
628 1888 768 1930 solum
797 1887 926 1930 vidue
955 1887 1032 1929 sed
1062 1889 1191 1930 etiam
1220 1889 1470 1946 conjugate,
1494 1886 1618 1928 indu-

129 1969 283 2003 cantur
312 1961 366 2002 ad
395 1960 657 2002 mittendum
685 1958 954 2001 sufficienter
983 1958 1147 2000 eisdem
1167 1959 1287 2000 robis
1310 1967 1352 2000 et
1379 1958 1509 2000 armis
1531 1975 1621 2000 mu-

130 2033 269 2083 nitos3
295 2040 342 2074 ut
363 2031 518 2073 modus
539 2031 731 2089 gloriose
745 2029 963 2080 mittendi,
984 2038 1026 2072 et
1047 2030 1283 2072 incedendi
1298 2029 1496 2088 pacifice,
1521 2030 1619 2071 civi·

130 2111 258 2153 tates,
290 2111 446 2152 castra,
478 2110 521 2144 et
548 2102 654 2143 alias
680 2101 805 2143 villas
834 2117 932 2143 cum
960 2102 1149 2152 bucinis,
1185 2102 1305 2144 sonis
1335 2102 1430 2143 aliis
1456 2102 1621 2143 instru-

132 2183 379 2216 mentorum
416 2182 459 2215 et
489 2173 720 2215 cantilenis
747 2172 1022 2223 transeundi,
1055 2190 1151 2215 cum
1185 2173 1383 2231 pulchris
1410 2173 1620 2222 baneriis,

133 2254 176 2287 et
203 2245 334 2287 armis
362 2245 671 2303 discoopertis,
704 2244 835 2286 corda
868 2252 911 2286 et
939 2243 1121 2286 affectus
1149 2244 1424 2303 singulorum
1454 2243 1624 2286 fortiter

134 2316 313 2358 inducat
355 2324 398 2358 et
434 2324 603 2358 moveat
639 2315 693 2357 ad
727 2315 1117 2358 transffretandum
1152 2332 1249 2358 cum
1282 2315 1451 2374 ydonea
1488 2315 1624 2357 muni-

184 2539 218 2572 1.
247 2538 277 2572 ll
300 2543 358 2571 est
378 2535 641 2582 remarquable
663 2548 734 2583 que
752 2535 899 2570 Dubois
920 2549 966 2571 ne
989 2537 1122 2582 separe
1145 2549 1211 2582 pas
1233 2537 1280 2570 ici
1302 2537 1356 2570 les
1372 2535 1627 2582 Hospitaliers

137 2586 205 2619 des
223 2585 448 2631 Templiers.
473 2590 602 2618 contre
624 2584 790 2630 lesquels
824 2585 849 2618 il
872 2585 996 2618 devait
1016 2584 1163 2618 bientot
1186 2585 1311 2618 laucer
1330 2585 1396 2618 des
1417 2585 1628 2630 pamphlets

138 2633 378 2679 particuliers
403 2645 409 2665 ε
434 2632 476 2665 Ε.
500 2630 690 2670 Boutaric,
720 2643 781 2679 op.
813 2631 891 2671 cit..
921 2639 962 2665 n⁰
993 2632 1131 2666 XXVII
1168 2638 1204 2665 et
1236 2632 1330 2665 suiv.
1361 2652 1404 2657 —
1435 2632 1490 2665 En
1523 2634 1626 2672 1310,

138 2680 351 2714 Guillaume
378 2680 423 2713 de
450 2679 618 2724 Nogaret
648 2679 740 2712 ecrit
770 2691 840 2725 que
863 2679 1153 2713 l'ableominacio
1180 2678 1471 2726 Templariorum
1495 2685 1553 2713 est
1580 2693 1628 2713 uu

139 2728 206 2761 des
228 2727 448 2773 principaux
469 2725 658 2759 obstacles
679 2726 699 2759 a
718 2726 955 2772 l'entreprise
978 2726 1227 2760 d'outre-mer
1249 2732 1284 2760 et
1306 2739 1470 2772 propose
1492 2738 1630 2761 encore

142 2787 215 2808 une
237 2780 340 2808 sorte
370 2774 414 2807 de
445 2773 691 2808 confiscation
713 2773 872 2808 amiahle
894 2775 961 2808 des
982 2773 1091 2808 biens
1124 2775 1189 2808 des
1217 2773 1471 2820 Hospitaliers
1499 2780 1535 2808 et
1564 2776 1630 2808 des

143 2822 351 2856 chevaliers
373 2820 632 2866 Forte-glaive
652 2819 784 2867 (lbid.,
807 2828 848 2855 n⁰
866 2821 1068 2865 XXXVII).

1625 750 1821 778 Contributions
1847 755 1874 776 et

1660 787 1828 822 contingents
1836 786 1874 812 ‹li-

1661 832 1733 850 vers.
