1942 3242
423 215 482 247 DE
512 214 929 248 RECUPERATIONE
957 214 1120 246 TERRE
1149 213 1348 246 SANCTE.
1594 212 1631 244 41

203 308 341 358 [XXXI]
379 303 465 350 49.
507 305 562 347 Et
595 305 630 347 si
664 312 940 363 opponatur:
985 322 1005 344 «
1035 302 1185 362 Aliqui
1223 310 1324 346 sunt
1360 302 1519 360 prelati
1557 302 1632 360 qui
1653 315 1737 340 Antra
1762 311 1902 348 objection.

140 384 324 435 propter
353 375 654 419 defensionem
683 375 994 434 temporalium
1030 374 1323 433 spiritualium
1360 390 1507 416 curam
1543 389 1631 416 non

141 447 368 490 dimittunt
391 465 430 498 »,
455 447 716 506 responderi
737 455 884 505 potest
911 446 1031 505 quod
1052 462 1139 488 non
1167 447 1327 488 obstat.
1357 446 1465 489 Nam
1486 445 1632 504 legum

140 528 184 562 et
214 535 431 562 canonum
457 519 710 561 conditores
741 518 795 561 ad
822 534 872 560 ea
900 534 984 577 que
1013 518 1268 576 frequenter
1290 517 1513 566 eveniunt,
1545 533 1632 559 non

141 607 225 650 que
242 607 356 641 ram,
375 607 420 633 se
440 590 606 634 referre
628 597 951 632 consueverunt
970 608 979 642 3
1002 605 1153 632 verum
1169 597 1234 631 est
1249 589 1368 648 quod
1389 588 1632 631 secundum

139 662 239 721 plus
260 670 303 704 et
324 662 483 712 minus,
501 678 590 704 non
605 661 836 720 equaliter,
861 661 1164 720 impediuntur
1185 677 1264 719 per
1283 661 1366 702 hec
1387 660 1568 718 prelati3
1591 668 1633 702 et

141 733 215 792 qui
243 734 380 792 magis
408 733 662 791 impeditur,
687 733 824 793 magis
846 741 888 775 et
910 732 1072 775 sorcius
1094 749 1140 775 se
1162 732 1354 791 applicat
1376 732 1430 774 ad
1451 747 1632 791 guerras

140 813 183 847 et
218 805 334 855 lites,
369 804 686 847 mondanorum
715 804 899 863 judicio,
943 820 1128 862 quorum
1161 804 1404 862 prudencia
1443 803 1631 845 stulticia

140 884 207 919 est
227 875 343 936 apud
371 877 527 926 Deum,
558 876 658 934 plus
685 875 888 918 laudatur
910 894 919 928 ;
943 876 1027 918 hoc
1050 875 1261 918 suadente
1283 883 1326 917 et
1347 883 1630 934 procurante,

140 1014 223 1060 cipe
249 1014 339 1061 qu’il
368 1013 466 1048 n’est
496 1003 579 1047 rien
609 1026 655 1047 au
683 1014 821 1047 monde
849 1013 894 1047 de
924 1013 953 1046 si
984 1012 1060 1047 bon
1094 1012 1159 1058 qui
1185 1012 1395 1046 n'entraine
1427 1014 1539 1058 apres
1575 1012 1632 1046 soi

139 1063 322 1109 quelques
344 1061 630 1096 inconvenients
651 1061 735 1107 (fol.
757 1061 819 1107 28)
841 1074 847 1094 ε
874 1074 892 1094 ‹<
908 1061 1020 1102 Quod
1046 1060 1162 1094 eciam
1184 1061 1221 1094 in
1242 1061 1394 1095 statutis
1415 1066 1633 1094 sanctorum

142 1110 296 1144 Patrum
315 1110 466 1143 videtur
498 1121 612 1155 posse
634 1109 808 1155 reperiri,
832 1109 1007 1142 videlicet
1028 1109 1142 1155 quod,
1167 1108 1254 1142 licet
1275 1108 1310 1142 in
1341 1121 1381 1142 se
1407 1107 1507 1142 bona
1530 1114 1629 1147 sunt,

139 1162 263 1192 tamen
293 1169 336 1191 ex
362 1157 418 1191 eis
444 1157 554 1203 plura
581 1157 675 1190 mala
704 1157 856 1190 fuerunt
884 1156 1131 1203 subsequuta.
1162 1156 1266 1190 Licet
1291 1156 1390 1189 enim
1415 1155 1634 1189 hominibus

140 1204 292 1239 difficile
324 1204 450 1238 vivere
478 1204 653 1238 victando
684 1210 836 1250 peccata
863 1204 1050 1242 mortalia.
1075 1215 1143 1249 per
1166 1204 1393 1249 scripturam
1419 1204 1570 1238 Veteris
1597 1208 1634 1237 et

140 1252 237 1286 Novi
257 1252 491 1286 Testamenti
510 1252 585 1298 ipsi
607 1252 721 1286 multa
746 1257 961 1286 statuerunt
982 1251 1152 1285 facienda
1184 1258 1220 1285 et
1249 1251 1363 1285 multa
1389 1252 1471 1286 fieri
1503 1251 1634 1296 prohi-

140 1299 305 1334 buerunt
326 1299 398 1334 sub
419 1300 541 1345 penis,
567 1300 598 1333 si
620 1305 751 1334 contra
774 1300 892 1338 fieret,
919 1306 1071 1345 peccata
1099 1299 1273 1333 mortalia
1298 1299 1531 1338 incurrendi,
1562 1311 1633 1345 que

142 1353 295 1394 peccata
317 1348 443 1394 laquei
463 1353 552 1381 sunt
572 1347 735 1394 Dyaboli
757 1348 802 1381 ad
821 1347 966 1381 animas
991 1359 1060 1393 pro
1089 1347 1174 1392 ipso
1201 1347 1418 1392 capiendas,
1445 1359 1512 1393 per
1538 1359 1633 1392 quos

143 1396 302 1442 laqueos
336 1402 372 1428 et
401 1407 532 1428 eorum
567 1396 767 1429 occasione
795 1395 891 1428 forte
919 1395 1033 1441 periit
1066 1400 1103 1428 et
1129 1394 1269 1440 peribit
1301 1395 1421 1440 major
1453 1406 1634 1428 numerus

141 1443 351 1477 animarum
373 1454 418 1476 eo
439 1455 597 1476 numero
617 1443 680 1489 qui
702 1455 770 1488 per
790 1443 1009 1477 eorumdem
1031 1443 1240 1476 doctrinam
1263 1448 1299 1475 et
1320 1443 1488 1487 exempla
1513 1443 1636 1476 salva—

141 1490 257 1533 bitur.
282 1491 329 1524 Et
351 1491 420 1524 hoc
442 1491 642 1524 advertens
668 1489 802 1524 beatus
828 1490 1067 1535 Augustinus
1096 1490 1220 1524 minor
1246 1490 1309 1536 qui
1339 1495 1523 1524 statuerat
1546 1490 1632 1523 nul-

142 1538 216 1572 lum
241 1538 419 1572 clericum
441 1538 619 1572 ordinare
638 1539 712 1572 nisi
733 1538 846 1572 vellet
873 1538 1053 1583 religiose
1075 1538 1201 1572 vivere
1228 1538 1362 1571 videns
1384 1538 1484 1583 quod
1506 1538 1544 1570 in
1563 1537 1633 1571 hoc

141 1586 251 1620 multi
272 1591 380 1620 erant
401 1586 587 1632 ypocrite,
611 1592 742 1620 vocato
762 1586 924 1620 consilio
956 1585 1151 1631 provincie
1180 1597 1258 1624 sue,
1291 1590 1473 1619 statutum
1499 1585 1633 1631 hujus-

141 1634 242 1668 modi
274 1634 478 1678 revocavit,
512 1633 597 1680 quia
632 1634 768 1667 malum
804 1633 1059 1668 simulationis
1090 1634 1178 1667 inde
1213 1632 1456 1679 sequebatur,
1493 1638 1532 1667 ut
1563 1633 1633 1667 hoc

141 1681 280 1727 legitur
300 1682 338 1715 in
361 1682 513 1715 decreto
537 1694 605 1715 suo
629 1678 701 1715 s'ito
724 1681 807 1715 XII.
829 1694 863 1728 q.
889 1682 916 1720 Ι,
939 1681 1104 1727 capitulo
1130 1683 1229 1715 Certe
1259 1692 1323 1726 ego
1351 1693 1434 1715 sum
1456 1680 1522 1728 qui
1549 1686 1632 1714 sta—

141 1734 362 1763 tueram.....
384 1728 431 1763 Et
452 1730 564 1763 credo
588 1730 689 1775 quod
710 1729 774 1763 alii
796 1729 915 1763 sancti
945 1729 1089 1768 Patres,
1116 1729 1148 1762 si
1174 1729 1287 1762 modo
1308 1728 1491 1767 viverent,
1516 1728 1631 1762 multa

141 1788 213 1823 que
235 1782 448 1811 statuerunt
469 1782 504 1810 et
523 1776 802 1822 prohibuerunt
822 1776 892 1810 sub
914 1777 1022 1822 penis
1049 1782 1200 1822 peccata
1220 1777 1392 1810 mortalia
1412 1776 1633 1810 incurrendi

142 1830 375 1865 revocarent,
416 1830 453 1858 et
492 1824 530 1858 in
560 1824 681 1870 gloria
717 1825 884 1858 viventes
929 1825 1024 1858 forte
1064 1824 1203 1857 vellent
1243 1836 1456 1858 revocasse.
1492 1824 1633 1857 Tamen

142 1877 299 1918 propter
316 1872 554 1906 intenciones
583 1871 703 1906 bonas
729 1884 823 1918 quas
850 1871 1063 1905 habuerunt
1094 1872 1294 1905 statuendo
1321 1871 1446 1906 omnia
1478 1871 1632 1905 benefe-

142 1919 240 1953 cisse
261 1920 479 1959 creduntur,
504 1919 590 1953 licet
612 1919 708 1954 forte
729 1921 775 1953 de
800 1920 896 1965 ipsis
920 1919 958 1953 in
989 1919 1048 1953 die
1068 1920 1194 1965 magni
1212 1919 1345 1965 judicii
1367 1919 1520 1965 plurimi
1542 1932 1633 1953 con-

142 1971 348 2012 querentur
369 1967 433 2013 qui
454 1967 592 2000 virtute
615 1979 770 2001 suorum
794 1972 1020 2001 statutorum
1041 1972 1076 2000 et
1092 1967 1312 2013 laqueorum
1332 1979 1428 2013 quos
1450 1967 1633 2000 indirecte

143 2014 384 2047 tetenderunt
418 2014 725 2060 dampnabuntur
731 2041 802 2049 .....
833 2015 992 2056 «Quare
1032 2020 1161 2048 contra
1189 2027 1260 2048 nos
1300 2015 1456 2061 laqueos
1494 2027 1632 2060 prepa-

143 2060 287 2095 rastis?
318 2062 445 2102 Quare
474 2074 549 2095 non
581 2062 818 2096 sufficiebant
839 2063 950 2096 nobis
978 2062 1103 2109 laquei
1130 2063 1276 2096 Veteris
1304 2069 1340 2096 et
1371 2062 1468 2096 Novi
1499 2063 1632 2107 Testa-

143 2108 283 2142 menti?
314 2108 489 2154 Apostoli
528 2114 565 2142 et
593 2110 824 2155 evangeliste
859 2109 1086 2156 Stephanus,
1123 2110 1371 2149 Laurencius‚
1410 2110 1631 2156 Dyonisius,

143 2155 330 2190 Martinus
352 2161 389 2190 et
403 2156 581 2190 Nicolaus
603 2158 698 2191 tales
720 2157 878 2204 laqueos
897 2164 933 2191 et
953 2158 1114 2198 insidias
1136 2170 1211 2192 non
1228 2163 1428 2203 pararunt;
1446 2170 1521 2191 non
1544 2157 1631 2203 ipsi,

145 2204 211 2237 sed
233 2216 318 2243 vos;
352 2204 493 2238 amicos
515 2204 677 2238 Sathane
706 2217 774 2238 vos
808 2205 1015 2251 probastis.
1048 2206 1153 2239 Bone
1186 2205 1316 2239 debuit
1350 2205 1490 2239 Sathan
1524 2205 1633 2238 vobis

143 2263 298 2297 parcere
333 2263 447 2297 super
477 2252 794 2298 temptacionibus
830 2253 981 2293 carnis;
1017 2252 1100 2286 loco
1134 2258 1347 2286 vestrorum
1377 2252 1449 2286 sibi
1481 2253 1630 2291 multas,

144 2298 254 2332 etiam
274 2298 570 2333 innumerabiles
592 2300 736 2334 animas
755 2300 1010 2335 donavistis...
1028 2313 1046 2332 »

191 2345 338 2380 Dubois
369 2346 467 2380 avait
493 2347 597 2380 aussi
624 2348 749 2393 plaide
779 2349 874 2381 dans
902 2349 935 2382 le
964 2350 1014 2381 De
1045 2347 1295 2382 abreviatione
1324 2353 1453 2381 contre
1487 2347 1635 2393 l'esprit

144 2399 414 2427 conservateur
433 2405 529 2439 pour
543 2394 690 2440 l'esprit
711 2396 756 2429 de
778 2396 939 2430 reforme
956 2395 1040 2440 (fol.
1065 2396 1127 2441 31)
1145 2408 1151 2428 1
1178 2395 1329 2429 «Hec...
1347 2395 1498 2440 tetigi...
1522 2408 1633 2441 prop-

144 2446 202 2475 ter
239 2442 463 2475 movendum
504 2441 646 2487 regiam
678 2443 910 2488 majestatem
950 2443 996 2476 ad
1031 2444 1263 2482 mutandum,
1297 2443 1564 2488 corrigendum
1598 2448 1634 2475 et

144 2490 418 2523 emendendum
439 2490 734 2523 consuetudines
757 2496 793 2524 et
815 2496 951 2525 statuta
983 2503 1136 2524 suorum
1166 2496 1448 2524 antecessorum
1480 2497 1516 2524 et
1537 2491 1631 2524 alio-

142 2548 237 2576 rum,
259 2536 345 2570 licet
367 2542 596 2575 sauctorum,
622 2537 653 2571 si
675 2543 831 2583 propter
849 2538 1066 2572 varietatem
1085 2550 1347 2583 personarum,
1364 2544 1576 2583 temporum
1598 2544 1633 2570 et

143 2583 310 2618 locorum
334 2596 466 2629 magna
491 2584 670 2630 pericula,
693 2586 853 2630 dampna
876 2591 910 2619 et
932 2586 1167 2619 incommoda
1200 2598 1242 2618 ex
1269 2585 1511 2626 observantia
1543 2598 1631 2618 con-

145 2631 386 2665 suetudinum
418 2637 455 2666 et
482 2637 708 2665 statutorum
743 2633 906 2666 senserit
933 2633 1097 2666 evenire.
1129 2633 1342 2679 Aliquando
1374 2634 1471 2666 enim
1506 2633 1632 2666 taliam

144 2679 316 2713 notitiam
334 2683 370 2712 et
391 2679 692 2713 emendationem
714 2680 855 2714 revelat
876 2681 1060 2714 Dominus
1082 2681 1218 2714 minori
1242 2680 1465 2726 sapientiam
1499 2686 1632 2725 postu-

145 2725 237 2760 lanti
259 2738 352 2772 quas
374 2739 447 2760 non
470 2727 650 2760 revelavit
670 2727 804 2772 majori
826 2727 918 2761 alias
938 2728 1206 2774 contemplanti
1226 2733 1261 2761 et
1282 2728 1419 2761 oranti.
1445 2728 1503 2761 Sic
1535 2727 1633 2761 enim

146 2773 376 2818 procedendi
398 2774 501 2808 dedit
522 2774 733 2820 exemplum
758 2775 943 2808 Dominus
975 2775 1038 2822 qui
1061 2788 1176 2821 super
1197 2776 1270 2809 hiis
1293 2788 1364 2823 que
1389 2780 1571 2810 statuerat
1596 2775 1632 2809 iu

145 2820 274 2856 Veteri
295 2821 536 2856 Testamento
559 2822 665 2871 plura
689 2822 843 2857 mutavit
858 2822 894 2858 iu
918 2823 1036 2859 Novo.
1058 2836 1074 2856 »
