1942 3242
21 745 90 772 etde
104 746 129 773 la
144 746 268 773 d1ffusion

56 781 90 808 de
106 782 132 808 la
153 782 268 819 philoso-

55 818 127 854 phio.

19 1674 119 1700 namur
153 1682 200 1700 tur
240 1674 267 1700 le

53 1709 185 1744 resima
208 1709 267 1736 des

53 1745 157 1772 etudes.
202 1747 267 1772 Pro-

53 1789 173 1815 gramme
220 1781 267 1808 des

53 1817 142 1843 &coles
173 1817 266 1844 enfan-

54 1853 131 1879 tinea.

287 219 328 251 58
829 221 1013 253 PlERRE
1043 221 1236 254 DUBOIS.

289 309 441 351 saltem
479 309 675 369 undique
719 311 946 353 mitterent
990 318 1143 353 contra
1188 311 1390 355 infideles
1435 313 1781 358 innumerabiles

289 381 506 423 exercitus
527 389 839 440 pugnatorum,
864 381 909 423 in
935 381 1218 440 acquirendis
1244 383 1375 425 terris
1401 399 1707 428 mansurorum
1728 386 1782 428 ad

288 460 503 510 perpetuo
525 453 787 495 servandum
808 453 1010 504 easdem3
1045 454 1107 495 sic
1149 453 1247 512 plus
1285 470 1414 513 quam
1449 456 1657 514 paulatim
1693 473 1781 500 res-

288 523 465 581 publica
501 525 817 566 catholicorum
856 524 1157 567 obedientium
1185 525 1369 568 ecclesie
1398 542 1575 569 romane
1610 527 1781 571 fortiter

288 603 539 654 augeretur,
570 604 722 638 contra
750 596 858 638 alios
879 612 1031 638 omnes
1065 597 1381 655 rempublicam
1408 614 1554 649 unam,
1586 607 1629 641 et
1649 598 1781 642 affec-

288 666 468 716 tionem,
512 683 703 709 amorem
754 676 796 709 et
833 668 1058 709 caritatem
1086 667 1140 710 ad
1174 670 1315 711 Deum
1349 677 1392 711 et
1429 670 1652 728 proximos
1691 686 1780 713 non

289 737 517 779 habentes.
542 738 610 780 Ad
632 738 750 796 quod
772 738 955 781 multum
977 738 1198 781 conferret
1219 740 1255 781 si
1281 741 1564 799 philosophie
1587 741 1780 784 studium

290 808 332 850 in
353 817 445 851 tota
466 818 615 851 nostra
642 811 867 868 republica
891 810 1063 852 fortiter
1084 820 1318 870 augeretur
1337 829 1346 864 ;
1379 828 1477 854 nam
1506 813 1542 854 si
1569 812 1648 855 flos
1670 813 1779 856 mili-

289 880 354 922 cie
374 880 586 922 hactenus
615 890 763 923 secuta
791 890 859 924 est
880 881 1074 924 studium
1094 882 1147 924 de
1166 898 1304 942 regno
1332 884 1377 925 iu
1410 900 1612 942 regnum,
1643 893 1691 926 ut
1725 884 1779 927 de

289 951 409 993 Indis
438 952 491 994 ad
507 952 691 1002 Asirios,
716 961 759 994 et
787 953 840 995 de
860 953 1017 995 Asiriis
1049 953 1102 995 ad
1130 955 1313 1004 Grecos,
1339 955 1392 997 de
1425 956 1580 998 Grecis
1615 955 1668 998 ad
1689 957 1778 998 Ro-

288 1038 454 1072 manos,
486 1023 540 1066 de
577 1024 785 1066 Romanis
816 1025 870 1066 ad
901 1025 1270 1075 Citramontanos‚
1313 1034 1444 1084 prout
1481 1026 1666 1086 legimus
1700 1043 1778 1086 per

287 1094 505 1152 hystorias
533 1096 829 1153 antiquorum,
869 1112 975 1155 ergo
1010 1096 1046 1137 si
1078 1105 1195 1138 secta
1222 1097 1536 1139 catholicorum
1568 1114 1699 1140 unam
1733 1099 1776 1140 in

287 1166 490 1207 omnibus
516 1167 665 1225 regnis
693 1175 735 1209 et
762 1167 870 1209 locis
892 1167 1019 1209 faciat
1040 1168 1371 1225 rempublicam,
1397 1177 1439 1210 et
1461 1169 1652 1211 studium
1681 1185 1776 1212 sus-

287 1237 391 1279 citet
417 1237 462 1279 in
490 1238 694 1280 omnibus
715 1238 823 1280 locis
851 1238 904 1280 ad
925 1239 1009 1281 hoc
1031 1239 1159 1296 aptis,
1193 1240 1317 1297 sequi
1345 1239 1526 1282 deberet
1545 1241 1617 1283 hic
1644 1240 1776 1283 effec-

284 1315 355 1350 tus
374 1308 492 1367 quod
512 1309 594 1351 hec
615 1310 866 1368 respublica
887 1310 1038 1352 mondi
1059 1306 1372 1361 monarchiam,
1398 1327 1450 1353 ex
1470 1328 1587 1354 nunc
1613 1312 1658 1354 in
1680 1328 1776 1370 pos-

285 1387 427 1422 terum
458 1381 676 1440 augendo,
707 1397 917 1440 processu
953 1383 1166 1441 temporis
1196 1372 1447 1441 optineret3
1485 1383 1604 1441 quod
1632 1383 1777 1442 quoad

287 1452 558 1510 spiritualem
615 1453 935 1503 obedienciam,
995 1469 1083 1495 non
1131 1454 1434 1512 temporalem,
1486 1462 1688 1512 speratur
1734 1462 1777 1496 et

287 1531 468 1581 apparet
493 1524 790 1566 verisimiliter
818 1525 1125 1567 obventurum.

347 1670 466 1721 [XLV]
504 1665 585 1712 71.
622 1667 751 1721 Quod
771 1676 914 1709 autem
941 1669 986 1709 in
1017 1668 1190 1711 modico
1216 1677 1415 1726 tempore
1436 1669 1608 1726 possint
1634 1677 1678 1711 et
1704 1669 1775 1711 de-

287 1739 420 1780 beant
447 1739 639 1781 scolares
666 1739 796 1796 hujus
823 1740 1088 1797 provisionis
1114 1740 1239 1782 valde
1266 1740 1365 1798 plus
1389 1740 1563 1790 ceteris,
1587 1748 1630 1782 et
1648 1755 1774 1798 expe-

288 1810 378 1852 diat
397 1810 628 1868 proficere,
653 1819 799 1868 potest
821 1811 883 1852 sic
910 1811 1124 1853 declarari
1151 1811 1415 1853 concitando
1443 1812 1609 1869 peritos
1631 1819 1673 1853 et
1700 1827 1774 1853 ex·

286 1889 436 1939 pertos
476 1882 741 1939 provisionis
770 1881 989 1931 doctores,
1027 1882 1080 1924 ad
1106 1882 1368 1940 proficiendi
1396 1882 1588 1931 modum,
1620 1891 1771 1931 artem,

286 1953 609 2010 experienciam
653 1961 695 1994 et
740 1953 932 1995 studium
960 1953 1345 2012 augmentandum.
1380 1953 1611 2012 Eligantur
1648 1953 1775 2011 pueri

287 2032 489 2081 quatuor,
521 2024 716 2082 quinque
743 2024 809 2065 vel
838 2041 912 2066 sex
940 2025 993 2066 ad
1020 2025 1119 2082 plus
1139 2041 1277 2067 annos
1305 2025 1533 2074 habentes,
1565 2024 1619 2066 ad
1645 2024 1776 2083 profi-

286 2095 491 2136 ciendum
519 2095 659 2153 capita
682 2096 793 2137 bene
817 2095 1000 2153 figurata
1029 2104 1070 2137 et
1093 2096 1322 2154 disposita,
1347 2112 1571 2154 nunquam
1599 2095 1652 2138 ad
1674 2111 1774 2138 suos

285 2174 490 2224 parentes
518 2166 603 2208 nisi
630 2166 683 2208 de
711 2166 894 2208 licencia
915 2167 1180 2224 provisionis
1202 2167 1442 2219 reversuri3
1470 2183 1656 2225 quorum
1677 2183 1773 2209 cen-

284 2246 375 2278 tum
395 2238 461 2279 vel
490 2238 639 2295 plures
655 2238 930 2279 instruantur
950 2238 995 2279 in
1011 2254 1098 2280 uno
1114 2238 1210 2280 loco
1232 2238 1286 2280 ad
1306 2239 1390 2280 hoc
1405 2239 1518 2280 bene
1538 2238 1769 2297 disposito,

286 2308 425 2366 primo
452 2308 496 2349 in
519 2309 684 2350 lectura
707 2308 925 2358 Psalterii,
951 2308 1230 2367 postmodum
1258 2309 1302 2350 in
1323 2310 1452 2351 tertia
1475 2318 1598 2367 parte
1619 2309 1706 2351 diei
1727 2309 1771 2350 in

285 2388 412 2421 cantu
427 2388 470 2421 et
490 2380 816 2437 pertinentibus
835 2380 888 2421 ad
909 2380 991 2421 hoc
1011 2398 1020 2431 ;
1042 2380 1086 2421 in
1100 2380 1195 2421 aliis
1211 2380 1299 2422 diei
1314 2381 1514 2438 partibus
1527 2380 1771 2422 successive

286 2450 328 2491 in
356 2452 545 2500 Donato,
578 2467 697 2492 more
731 2467 910 2492 romano
939 2451 1155 2501 confecto,
1188 2452 1232 2492 in
1278 2452 1596 2499 accidentibus,
1633 2450 1770 2492 decli-

286 2522 552 2572 nationibus,
578 2531 620 2563 et
648 2523 893 2564 successive
915 2522 960 2563 in
982 2522 1076 2563 aliis
1107 2521 1499 2580 gramaticalibus¹.
1532 2524 1645 2564 Puer
1673 2537 1770 2563 cum

284 2593 430 2634 audiet
470 2593 630 2635 librum
672 2594 882 2635 Cathonis
916 2602 958 2635 et
998 2593 1104 2635 alios
1147 2594 1336 2636 minutos
1365 2603 1551 2643 actoreS,
1583 2601 1770 2651 quatuor

332 2773 363 2805 1.
394 2771 488 2816 Voy.
512 2771 553 2806 L.
574 2771 709 2811 Dorcz,
733 2774 870 2811 Donat,
888 2771 982 2804 dans
1002 2771 1056 2805 les
1075 2771 1265 2806 Positions
1287 2770 1352 2806 des
1370 2771 1487 2806 theses
1509 2771 1574 2806 des
1593 2770 1702 2807 e'leves
1724 2772 1767 2808 de

284 2817 419 2854 C'Ecole
438 2818 502 2853 des
523 2818 682 2860 chartes,
707 2819 902 2860 Chartres,
924 2820 1027 2860 1891,
1048 2819 1156 2859 in-8⁰‚
1180 2831 1215 2867 p.
1236 2822 1269 2855 7.
