1942 3242
430 216 487 247 DE
520 212 939 246 RECUPERATIONE
972 211 1136 242 TERRE
1170 211 1369 242 SANCTE.
1602 211 1639 242 8'1

148 305 213 347 rei
225 303 494 347 evidenciam
527 303 764 352 notorium,
789 301 992 343 omnibus
1022 299 1269 342 foventibus
1291 307 1462 357 partem
1484 299 1639 341 deten-

148 376 258 419 toris
295 376 444 418 taliter
487 383 640 417 notum
679 381 795 416 extat
828 372 948 432 quod
983 387 1070 413 non
1116 379 1299 429 possent
1338 371 1639 429 ignoranciam
1664 382 1779 408 numere
1808 382 1841 409 de
1870 383 1908 409 ιε,

147 447 414 506 pretendere
442 462 620 505 quoquo
671 445 817 487 modo.
850 443 1067 498 Quocirca
1100 451 1225 500 pater
1246 458 1397 484 eorum
1432 442 1639 500 spiritua-

148 519 219 569 lis,
250 518 324 577 qui
351 518 563 577 premissa
592 533 680 559 non
702 517 891 575 ignorat,
921 514 1163 556 remedium
1191 529 1413 571 apponere
1444 521 1636 563 tenetur,

149 605 204 632 ne
231 589 410 649 sanguis
436 604 586 632 eorum
622 587 675 630 de
714 587 804 629 suis
835 586 1037 628 manibus
1071 585 1349 643 requiratur;
1387 584 1506 642 quod
1545 584 1640 626 fieri

150 661 244 703 sine
266 660 471 703 scandalo
494 659 547 702 de
576 659 692 701 facili
712 665 878 716 posset,
915 665 963 699 ut
989 656 1178 706 videtur,
1226 655 1451 714 arguendo
1486 655 1640 697 deten-

148 740 286 780 torem
311 747 443 790 super
463 730 636 772 mortali
657 738 839 788 peccato
868 728 1135 770 detentionis
1163 736 1206 769 et
1243 743 1375 785 super
1400 727 1641 768 tolerancia

151 805 470 846 Saracenorum
495 817 679 860 regnum
707 800 960 844 Guernadie
986 799 1230 841 tenentium
1252 799 1305 840 ab
1325 814 1376 840 eo
1404 799 1485 840 sub
1505 799 1644 840 tribu-

147 883 209 925 to,
245 874 502 932 frequenter
525 873 789 915 christianos
829 870 1204 914 interficientium.
1240 870 1322 912 Cui
1356 870 1418 911 sic
1451 869 1643 928 graviter

149 953 350 988 accusato
371 954 414 987 et
432 944 694 987 commin'ato
730 951 881 1002 posset
909 943 1112 984 dominus
1146 958 1258 1000 papa
1292 941 1439 983 dicere
1462 958 1469 982 :
1521 959 1540 980 «
1566 943 1642 984 Fa-

147 1033 250 1059 vore
270 1019 403 1060 Terre
427 1018 587 1060 Sancte
608 1015 807 1058 volumus
839 1014 980 1056 modis
1014 1013 1217 1055 omnibus
1244 1013 1361 1055 inter
1387 1029 1462 1054 vos
1496 1012 1641 1070 pacifi-

148 1104 247 1131 care
269 1106 309 1130 ».
342 1088 472 1143 Quod
499 1087 552 1129 de
580 1086 696 1129 facili
724 1087 786 1128 sic
818 1085 991 1128 videtur
1022 1085 1117 1127 fieri
1144 1101 1301 1143 posse:
1347 1084 1465 1142 quod
1504 1100 1641 1142 nepos

147 1160 467 1219 primogenitus
494 1175 679 1218 regnum
697 1157 948 1201 Guernadie
964 1157 1124 1199 habeat
1137 1165 1180 1198 et
1196 1156 1329 1198 frater
1342 1158 1434 1214 ejus
1457 1171 1641 1214 regnum

147 1231 416 1290 Portugalie,
441 1230 508 1272 vel
536 1229 655 1272 aliud
676 1229 730 1271 de
751 1229 899 1271 multis
922 1245 943 1270 a
977 1228 1206 1270 detentore
1235 1227 1476 1285 occupatiS,
1503 1243 1640 1286 regno

148 1303 337 1346 Castelle
369 1302 589 1344 detentori
631 1309 917 1352 remanente3
956 1300 1103 1342 taliter
1143 1299 1262 1357 quod
1303 1299 1397 1356 ipse
1439 1298 1642 1340 detentor

147 1391 244 1416 cum
265 1374 383 1416 omni
412 1390 488 1416 sua
521 1380 738 1431 potestate
772 1372 969 1430 equitum
1010 1380 1052 1412 et
1080 1371 1278 1429 peditum
1315 1387 1412 1412 cum
1442 1370 1531 1412 suis
1560 1370 1640 1412 im—

146 1446 312 1505 pensis,
338 1447 459 1503 juvet
482 1460 629 1503 regem
661 1443 914 1486 Guernadie
943 1442 996 1484 ad
1036 1442 1345 1500 expellendum
1378 1443 1636 1491 Saracenos,

126 1519 190 1559 'et
217 1516 511 1559 resistendum
533 1515 726 1573 expulsis
749 1515 960 1573 quociens
983 1530 1093 1572 opus
1121 1514 1206 1555 erit
1225 1532 1234 1565 ;
1258 1514 1315 1555 ita
1344 1513 1462 1571 quod
1485 1512 1538 1555 ad
1559 1513 1640 1554 hec

144 1596 347 1631 teneatur
367 1588 448 1629 sub
476 1587 673 1645 periculo
695 1586 942 1627 amissionis
970 1586 1095 1644 regni
1117 1585 1246 1626 etiam
1264 1584 1468 1626 Castelle.
1497 1586 1639 1642 Expe-

145 1660 260 1702 diret
275 1659 394 1718 quod
415 1658 468 1701 ad
490 1657 738 1700 faciendum
752 1657 997 1699 subsidium
1011 1673 1122 1698 novo
1137 1656 1389 1699 Guernadie
1408 1656 1502 1714 regi
1516 1656 1639 1698 indu-

144 1739 351 1774 cerentur
367 1730 555 1789 proximi
575 1738 693 1771 terre
725 1729 860 1780 illius,
891 1728 1096 1770 videlicet
1124 1744 1250 1787 reges
1278 1728 1515 1786 Aragonie‚
1553 1730 1639 1770 Na-

143 1819 284 1852 varre‚
310 1803 636 1860 Majoricarum,
662 1809 705 1843 et
732 1800 806 1843 alii
851 1801 894 1842 in
930 1801 1151 1858 Hyspania
1184 1799 1348 1857 ubique
1382 1799 1635 1848 existentes,

145 1882 191 1916 ut
228 1874 437 1916 Saraceni
465 1889 514 1915 ex
550 1872 751 1930 pluribus
792 1871 991 1930 partibus
1031 1871 1200 1913 obsessi
1235 1879 1277 1912 et
1310 1871 1511 1928 oppressi
1552 1870 1638 1912 cito

143 1953 324 2003 possent
351 1944 524 2003 expelli.
558 1946 680 1987 Tunc
716 1943 832 1985 enim
868 1959 970 2001 rege
1006 1942 1259 1986 Guernadie
1292 1958 1374 2000 pro
1408 1958 1484 1984 sua
1522 1950 1639 1983 terra

143 2016 421 2059 defendenda
442 2023 712 2065 remanente,
738 2014 811 2056 alii
834 2030 960 2073 reges
983 2022 1025 2056 et
1049 2014 1276 2072 principes
1299 2013 1522 2072 Hyspanie
1542 2029 1638 2071 pos,

142 2096 256 2138 sent,
281 2096 322 2129 et
349 2096 396 2129 ut
417 2087 490 2129 alii
516 2094 790 2136 tenerentur,
822 2086 866 2127 in
895 2088 1074 2128 Terram
1094 2086 1298 2128 Sanctam
1318 2084 1637 2142 transff1·etare‚

142 2167 185 2201 et
223 2175 428 2218 magnum
466 2157 712 2200 subsidium
740 2156 939 2210 facere3¹
971 2157 1032 2199 ita
1066 2157 1185 2215 quod
1213 2156 1437 2215 Lingadoc
1474 2156 1640 2199 faceret

191 2339 223 2371 1.
253 2336 399 2370 Dubois
421 2336 520 2370 avait
541 2336 622 2381 ddja
643 2336 754 2370 traite
774 2337 840 2369 des
861 2336 997 2369 choses
1014 2335 1228 2380 d'Espagne
1245 2336 1338 2368 dans
1359 2335 1392 2368 le
1410 2337 1460 2368 De
1475 2334 1639 2369 abrevia-

143 2385 252 2423 tione,
278 2397 323 2418 eu
357 2396 419 2417 ces
455 2389 594 2417 termes
619 2383 745 2429 (s01.9
775 2384 853 2428 v⁰):
898 2397 916 2416 «
947 2383 1180 2428 Hyspaniam
1220 2395 1309 2416 vero
1349 2395 1499 2428 quoque
1533 2389 1638 2417 ante-

143 2445 275 2466 cessor
299 2437 423 2465 vester
445 2431 612 2464 Karolus
641 2442 800 2476 magnus
829 2443 911 2464 cum
928 2431 1042 2464 tantis
1067 2429 1263 2464 laboribus
1295 2430 1503 2475 occupavit,
1529 2443 1639 2476 quam

144 2480 409 2514 sanctissimus
426 2484 522 2512 'avus
551 2484 688 2517 vester,
726 2479 869 2512 scilieet
900 2478 1032 2511 beatus
1055 2478 1283 2517 Ludovicus,
1309 2478 1355 2511 ad
1383 2490 1466 2511 eum
1494 2478 1639 2511 ratione

144 2527 274 2562 matris
297 2539 362 2560 sue
377 2538 444 2571 per
460 2526 740 2559 successionem
757 2526 962 2571 legitimam
982 2526 1246 2570 pertinentem,
1270 2525 1420 2559 domine
1433 2524 1540 2565 Albe,
1563 2526 1639 2559 filie

145 2587 224 2614 sue,
248 2575 285 2608 in
308 2574 547 2618 maritagium
569 2585 635 2606 seu
652 2573 775 2606 dotem
800 2574 1026 2618 assignavit:
1052 2586 1161 2619 quam
1184 2574 1263 2618 ejus
1286 2573 1387 2607 filius
1411 2573 1491 2606 sine
1512 2579 1639 2606 vestro

145 2621 318 2656 subsidio
340 2621 511 2655 evincere
530 2633 605 2654 non
628 2626 759 2666 posset
778 2620 824 2654 ab
850 2621 1065 2666 Hyspanis;
1090 2621 1284 2666 negligere
1307 2627 1343 2653 et
1360 2621 1487 2654 taliter
1511 2620 1638 2654 dimit-

145 2675 222 2703 tere
250 2682 325 2703 non
357 2668 506 2702 debetis
540 2667 631 2714 quin
664 2668 746 2712 ejus
775 2668 970 2705 honorem,
1004 2680 1138 2701 nomen
1168 2674 1204 2701 et
1237 2667 1509 2706 obedienciam,
1545 2667 1639 2701 sicut

146 2716 298 2763 petebat
317 2715 542 2755 Alexander,
570 2714 764 2751 habeatis:
789 2721 825 2749 et
845 2716 960 2755 istud,
990 2716 1077 2749 licet
1102 2715 1247 2749 tardius
1270 2721 1420 2753 tactum,
1445 2716 1481 2749 in
1504 2727 1637 2748 execu-

145 2764 250 2798 tione
272 2764 546 2810 premissorum
567 2762 721 2796 deberet
744 2775 828 2796 esse
851 2763 1026 2809 primum.
1066 2763 1176 2796 Facta
1199 2763 1298 2796 enim
1320 2769 1355 2804 et
1380 2763 1524 2796 firmata
1548 2775 1637 2796 con-

146 2812 322 2847 ventione
345 2811 446 2860 quod
465 2811 772 2858 consanguineus
794 2817 920 2845 vester
940 2816 977 2845 et
995 2810 1154 2846 heredes
1178 2810 1235 2845 sui
1258 2810 1479 2858 Hispaniam
1499 2823 1515 2845 a
1531 2809 1638 2845 vobis

1697 427 1838 453 arr-anger,
1876 428 1908 445 en

1695 455 1849 481 chassant
1866 454 1909 481 les

1696 490 1856 516 Sam-rusius
1874 490 1907 516 dn

1696 535 1847 561 royaume
1871 526 1907 552 de

1697 561 1830 588 Grcnade.
