1942 3242
424 201 484 233 DE
514 199 930 269 RECUPERATIOPiE
959 197 1122 230 TERRE
1151 195 1352 229 SANCTE.
1595 193 1638 226 59

143 291 356 335 lectiones
382 291 542 333 habeat
563 291 608 332 in
630 290 701 332 die
721 304 918 348 magnas,
947 294 1080 346 prout
1099 285 1327 345 ingenium
1354 285 1519 343 poterit
1546 299 1637 326 sus-

142 363 301 413 tinere,
327 378 459 421 super
486 362 647 421 quibus
669 377 757 403 non
785 360 1023 418 sumpniet.
1046 357 1208 400 Audiat
1234 356 1377 415 primo
1412 356 1637 397 doctorem

144 435 380 494 legentem,
412 442 512 492 post
539 434 670 476 alium
692 439 993 491 repetentem3
1034 438 1134 488 post
1155 444 1286 487 quem
1321 428 1467 470 statim
1506 427 1637 468 toties

145 514 315 565 repetat
337 505 455 565 quod
477 506 589 547 scire
614 503 814 546 videatur
835 521 844 555 3
891 501 1210 544 declinationes
1239 508 1282 542 et
1317 499 1532 558 regimina
1562 514 1638 540 vo-

146 594 244 621 cum
277 577 478 620 dicantur
510 577 652 619 eidem
684 575 845 634 primo,
878 572 1161 632 postmodum
1187 579 1359 630 repetat
1391 571 1478 612 cito
1506 585 1639 628 super

147 649 345 709 quolibet
362 650 681 707 interrogatus3
700 646 914 706 regimina
935 644 1138 687 dicantur
1153 643 1296 685 eidem
1311 643 1355 684 in
1372 643 1551 701 hyeme3
1573 657 1638 683 so-

146 721 234 764 lum
251 721 305 763 de
333 728 462 762 nocte
489 719 673 762 latinum
700 718 856 770 faciat;
882 716 1000 775 quod
1022 731 1119 758 cum
1147 714 1468 773 aliquantulum
1496 713 1639 755 facere

147 793 362 851 ceperint,
387 807 561 850 semper
586 791 824 848 loquantur
852 789 1052 838 latinum,
1078 804 1124 830 se
1158 787 1203 829 in
1231 787 1315 828 hoc
1336 785 1456 827 omni
1477 785 1575 826 loco
1597 792 1640 826 et

146 873 344 922 tempore
373 861 732 917 assuefacientes.
772 862 877 903 Post
921 860 1092 918 aliquos
1132 859 1326 900 minutos
1354 865 1525 899 actores
1563 871 1640 898 au·-

148 935 270 978 diant
294 935 482 977 Bibliam
508 934 741 992 pueriliter
766 940 835 974 ter
857 931 925 973 vel
959 939 1113 989 quater
1140 930 1185 972 in
1225 929 1311 979 die,
1344 928 1398 970 de
1429 927 1640 986 hystoriis

147 1009 241 1064 ejus
257 1015 300 1049 et
319 1006 588 1064 poetriarum
604 1013 774 1047 tantum
792 1019 872 1062 per
894 1002 1095 1045 ordinem
1117 1002 1300 1044 latinum
1323 1000 1497 1050 faciant,
1523 998 1643 1057 quod

147 1093 235 1120 non
263 1078 460 1120 scribant
480 1077 566 1119 nisi
587 1076 736 1118 rudes.
769 1077 878 1118 Cum
908 1068 1124 1133 incipient
1149 1073 1304 1115 diebus
1335 1072 1478 1130 primo
1512 1086 1642 1113 cons-

146 1158 295 1192 truere
317 1149 621 1207 solempnibus
650 1155 931 1189 construatur
958 1147 1021 1188 eis
1053 1144 1258 1194 Gradale,
1282 1151 1435 1202 postea
1463 1142 1643 1184 Brevia-

148 1221 277 1271 rium,
297 1237 385 1263 non
406 1220 584 1263 Missale
607 1219 692 1261 nisi
715 1220 760 1261 in
780 1218 948 1269 Biblia3
974 1224 1229 1259 constructo
1250 1215 1491 1265 Breviario,
1517 1229 1641 1256 cons-

148 1301 321 1335 truatur
342 1292 404 1334 eis
426 1292 571 1334 Aurea
592 1290 798 1350 Legenda
827 1291 1106 1339 Sanctorum,
1131 1297 1175 1330 et
1189 1287 1385 1346 hystorie
1412 1294 1642 1345 poetarum

149 1364 349 1422 prosaice
370 1372 412 1405 et
433 1363 627 1405 breviter
652 1370 869 1413 extracte3
889 1360 1118 1419 superbiis
1139 1359 1349 1418 hystoriis
1378 1374 1462 1416 que
1478 1357 1641 1416 prode-

149 1444 252 1478 runt
275 1435 337 1477 eis
357 1435 402 1477 in
428 1434 638 1483 futurum,
668 1450 756 1475 non
790 1431 1023 1491 superfluis
1050 1431 1207 1481 solitis,
1233 1430 1436 1472 materias
1464 1429 1639 1479 faciant,

151 1523 244 1557 seu,
279 1506 398 1565 quod
419 1506 625 1564 proprius
657 1513 737 1555 est,
770 1505 1024 1555 latinizent3
1055 1512 1160 1546 tunc
1182 1502 1319 1544 nichil
1353 1502 1556 1544 amittent
1588 1500 1642 1542 de

146 1587 343 1636 tempore
371 1578 563 1627 occioso,
586 1585 717 1635 prout
738 1577 949 1618 hactenus
979 1575 1138 1618 factum
1161 1582 1249 1626 est3
1279 1589 1432 1615 omnes
1461 1572 1642 1614 materie

149 1665 257 1708 quas
292 1649 454 1691 facient
483 1651 697 1706 perpetuo
725 1648 810 1690 sibi
839 1646 1099 1705 proderunt.
1141 1647 1251 1688 Cum
1282 1653 1420 1687 totam
1454 1644 1643 1687 Bibliam

149 1721 385 1772 audierint,
415 1728 616 1778 repetant
643 1736 738 1761 eam
766 1719 954 1777 quilibet
976 1719 1021 1760 in
1049 1717 1120 1759 die
1147 1717 1202 1759 ad
1217 1718 1361 1758 minus
1389 1724 1640 1758 sexternum

155 1809 290 1834 unum
310 1810 319 1844 3
350 1792 553 1834 similiter
574 1791 628 1833 de
650 1791 845 1849 hystoria
869 1792 1131 1832 Sanctorum
1150 1807 1160 1841 ;
1184 1797 1227 1831 et
1247 1797 1476 1846 poetarum
1491 1803 1642 1830 versus

148 1863 304 1922 planos
330 1871 500 1905 tantum
527 1863 699 1904 modico
732 1871 932 1919 tempore
960 1861 1135 1902 faciant.
1167 1862 1353 1902 Demum
1382 1875 1478 1901 cum
1511 1859 1641 1901 debe-

149 1934 433 1981 buntaudire
456 1934 658 1993 logicam,
684 1934 727 1975 in
754 1933 897 1975 tribus
920 1932 1144 1974 mensibus
1183 1932 1333 1974 estatis
1361 1946 1513 1972 omnes
1535 1946 1642 1988 poe-

148 2007 255 2048 trias
278 2005 484 2056 audiant3
507 2005 713 2047 videlicet
739 2004 879 2063 prima
908 2004 978 2046 die
1001 2004 1261 2053 Cathonem‚
1287 2002 1481 2045 secunda
1502 2002 1641 2044 Theo-

149 2078 313 2127 dolum,
342 2077 485 2119 tribus
512 2076 800 2135 sequentibus
829 2076 1026 2126 Tobiam,
1055 2083 1097 2117 et
1125 2076 1186 2117 sic
1209 2075 1262 2117 de
1293 2075 1414 2126 aliis;
1447 2074 1644 2132 qualibet

150 2149 220 2191 die
248 2165 327 2207 per
349 2148 457 2190 duos
480 2147 684 2190 doctores
705 2164 781 2190 sex
807 2147 986 2190 audiant
1008 2147 1238 2196 lectiones,
1270 2162 1378 2204 quas
1408 2146 1498 2187 fere
1526 2153 1641 2187 totas

149 2237 228 2280 per
250 2237 295 2262 se
318 2228 500 2278 possent
525 2219 689 2269 videre,
721 2219 918 2277 prestitis
937 2219 1148 2277 hystoriis
1177 2226 1220 2260 et
1241 2217 1438 2276 figuratis
1459 2217 1643 2259 vocabu-

149 2293 291 2335 lorum
319 2291 629 2333 communium.
654 2292 720 2334 De
742 2291 904 2332 talibus
941 2290 1173 2348 scripturis
1207 2290 1283 2331 ubi
1323 2305 1410 2330 non
1445 2289 1645 2347 queritur

149 2364 235 2407 nisi
263 2363 483 2405 ordinatio
511 2373 554 2404 et
585 2363 706 2404 notio
728 2362 1031 2421 figuratorum,
1064 2369 1210 2420 potest
1238 2360 1424 2418 quilibet
1451 2360 1641 2418 juvenis,

151 2436 295 2477 statim
317 2450 414 2476 cum
431 2434 587 2491 incipit
607 2433 824 2491 proficere
838 2441 1024 2482 tantum,
1043 2432 1192 2474 videre
1214 2440 1257 2473 et
1278 2432 1426 2490 legere
1454 2431 1567 2473 sicut
1589 2431 1643 2472 de

152 2522 239 2548 uno
267 2506 507 2548 romancio.
552 2504 762 2559 Quolibet
794 2513 992 2562 tempore
1027 2504 1130 2546 anni
1160 2503 1213 2545 de
1242 2503 1312 2545 die
1350 2511 1392 2544 et
1419 2503 1473 2544 de
1496 2511 1641 2551 nocte,

151 2576 340 2619 deducta
367 2576 607 2634 partitione
635 2591 820 2634 sompno
843 2575 1005 2624 dedita,
1041 2575 1154 2617 circa
1176 2575 1257 2616 hec
1280 2574 1488 2616 continue
1522 2574 1645 2615 labo-

152 2657 314 2697 rantes,
344 2648 457 2689 bene
480 2647 684 2705 dispositi
703 2647 757 2688 ad
777 2646 1113 2704 proficiendum,
1138 2646 1251 2688 insra
1280 2645 1496 2688 decimum
1518 2645 1645 2686 etatis

154 2734 230 2761 sue
255 2719 322 2761 vel
344 2719 497 2761 saltem
518 2718 799 2761 undecimum
821 2734 998 2767 annum,
1024 2717 1096 2760 alii
1124 2717 1237 2759 infra
1251 2717 1559 2759 duodecimum
1588 2715 1642 2757 ad

154 2790 314 2842 minus,
343 2790 440 2843 hec⁷
479 2790 610 2833 dante
647 2789 852 2839 Domino,
884 2789 1173 2832 scienciarum
1207 2789 1400 2830 omnium
1435 2795 1643 2847 poterunt
