1942 3242
75 337 229 364 demontree
273 346 323 373 par

89 374 155 400 Dieu
166 373 312 400 lui-meme.

344 237 383 269 38
890 237 1075 269 PIERRE
1107 238 1300 270 DUBOIS.

401 325 488 371 48.
515 326 562 368 Si
583 342 689 385 ergo
714 326 872 384 prelati
904 342 984 384 pro
1021 326 1110 368 suis
1145 327 1421 385 patrimoniis
1454 337 1641 387 possunt
1670 330 1834 372 habere

343 397 460 440 unde
481 397 641 447 vivant,
663 397 793 439 etiam
814 405 983 439 tantum
1006 406 1216 455 quantum
1236 398 1280 440 in
1302 399 1484 441 veritate
1513 410 1835 442 consueverunt

342 469 522 518 habere,
539 468 741 510 deductis
757 468 967 526 impensis
984 477 1027 510 et
1042 469 1285 511 honeribus
1307 471 1507 520 assuetis,
1530 487 1676 513 nonne
1697 471 1733 513 si
1751 472 1835 514 hoc

342 548 563 590 recusent,
590 539 691 581 dato
713 540 831 597 quod
853 539 1172 597 aliquantulum
1194 540 1337 583 minus
1358 542 1589 593 haberent,
1614 542 1733 600 quod
1746 558 1835 585 non

344 611 492 661 credo,
535 611 667 652 immo
707 610 892 653 firmiter
926 611 1081 653 estimo
1125 612 1244 669 ipsos
1281 612 1412 671 longe
1451 613 1550 671 plus
1587 614 1832 664 habituros,

344 682 635 724 dissonabunt
673 699 696 724 a
730 682 928 724 doctrina
964 691 1008 724 et
1039 683 1290 740 provisione
1323 684 1534 727 Domini?
1569 685 1835 743 dimissaque

343 754 523 796 Domini
542 754 794 812 provisione
817 762 860 795 et
882 754 1140 812 prudencia,
1161 755 1250 796 suis
1271 756 1464 814 propriis
1487 756 1690 798 sensibus
1712 756 1836 799 factis

343 834 386 867 et
414 825 614 867 doctrine
642 825 820 867 Domini
842 826 1074 867 contrariis
1096 842 1172 868 seu
1191 826 1400 878 adversis,
1426 828 1582 886 repelli
1598 827 1837 870 rationabi-

343 897 444 938 liter
465 905 675 955 poterunt
697 913 720 938 a
740 897 930 939 Domino
953 897 1128 939 dicente
1148 914 1155 938 :

406 985 427 1008 t(
450 968 737 1010 Occasionem
759 968 911 1010 salutis
933 969 1176 1011 animarum
1195 977 1437 1012 vestrarum
1455 972 1669 1029 vobisque
1690 971 1838 1014 subdi-

343 1047 486 1081 tarum
533 1039 669 1098 gratis
712 1039 902 1081 oblatam
935 1041 1173 1082 recusastis
1197 1059 1206 1092 ;
1254 1042 1529 1084 occasionem
1575 1043 1838 1101 perditionis

346 1111 588 1152 animarum
628 1111 856 1170 elegistis3
900 1112 962 1153 sic
998 1120 1118 1153 retro
1152 1112 1441 1170 respicientes
1478 1130 1566 1156 non
1606 1115 1712 1157 estis
1749 1116 1839 1173 apti

346 1198 483 1240 regno
512 1198 636 1233 me03
667 1182 712 1223 in
743 1182 826 1224 hoc
861 1182 1062 1225 mandata
1091 1200 1201 1234 mea,
1232 1193 1441 1242 precepta
1471 1194 1515 1227 et
1542 1186 1724 1228 consilia
1751 1202 1837 1229 non

347 1254 577 1304 servastis3
609 1269 675 1295 me
716 1262 758 1295 et
798 1254 1020 1312 proximos
1053 1263 1222 1296 vestros
1261 1255 1456 1313 perfecte
1497 1256 1682 1316 diligere
1718 1274 1838 1300 recu-

347 1325 490 1375 sastis,
528 1325 782 1366 occasiones
816 1341 904 1366 non
937 1325 1153 1384 diligendi
1193 1326 1388 1384 perfecte
1426 1336 1469 1369 et
1502 1328 1586 1369 hoc
1621 1329 1839 1386 probandi

347 1404 583 1454 querentes
610 1414 618 1444 ;
667 1412 755 1438 non
802 1396 1081 1439 advertentes
1135 1397 1454 1456 Philosophum
1505 1416 1623 1441 mera
1671 1400 1840 1442 ratione

347 1476 543 1509 utentem
595 1467 825 1525 scripsisse
851 1485 859 1508 z
912 1470 1020 1509 Eum
1066 1473 1143 1527 qui
1196 1470 1408 1527 felic-itari
1456 1471 1580 1513 debet
1627 1472 1843 1530 felicitate

348 1540 699 1596 contemplativa,
735 1550 934 1596 opportet
976 1539 1136 1582 habere
1174 1544 1330 1582 victum
1366 1551 1407 1583 et
1437 1546 1631 1585 vestitum
1671 1553 1710 1585 et
1748 1544 1842 1585 alia

350 1614 623 1652 neccessaria
655 1612 715 1652 ad
731 1614 1090 1668 procurationem
1128 1618 1224 1662 vite,
1257 1613 1356 1654 licet
1386 1629 1472 1654 non
1503 1615 1705 1672 expediat
1727 1615 1846 1673 quod

349 1685 405 1723 sit
423 1682 621 1723 dominus
643 1691 758 1725 terre
772 1692 812 1724 et
829 1688 967 1724 maris
986 1699 994 1735 ;
1030 1699 1118 1724 non
1141 1682 1419 1725 advertentes
1438 1684 1568 1726 etiam
1601 1685 1646 1726 in
1674 1701 1841 1727 canone

351 1762 602 1795 sanctorum
623 1754 802 1795 Patrum
828 1762 1012 1812 propter
1039 1754 1203 1796 bonum
1230 1755 1475 1813 exemplum
1507 1756 1720 1814 scriptum
1747 1773 1843 1798 esse

351 1825 470 1883 quod
493 1826 698 1867 Socrates
715 1823 742 1875 ¹,
776 1825 850 1867 ille
878 1826 943 1867 vir
977 1826 1229 1876 Thebanus,
1259 1825 1438 1869 divicias
1460 1843 1559 1869 suas
1586 1827 1776 1885 projecit
1800 1828 1843 1870 in

352 1913 468 1938 mare
499 1904 546 1937 ut
577 1896 716 1938 libere
745 1896 922 1938 studere
961 1906 1113 1955 posset
1153 1905 1196 1939 et
1232 1898 1537 1956 contemplari.
1575 1900 1663 1943 Vos
1700 1907 1844 1941 autem

351 1968 551 2009 voluistis
579 1984 667 2009 non
690 1968 830 2010 solum
852 1968 1048 2019 divicias,
1072 1969 1202 2010 immo
1226 1970 1513 2012 contentiosis
1542 1969 1671 2012 etiam
1693 1970 1844 2013 litibus

353 2054 400 2080 ac
436 2039 608 2097 guerris
646 2039 904 2096 frequenter
940 2040 1110 2097 plenas,
1153 2041 1317 2082 habere
1363 2041 1592 2091 voluistis;
1639 2042 1844 2099 pacificas

353 2109 550 2160 divicias,
581 2126 665 2168 que
687 2126 766 2168 per
788 2127 917 2168 quam
939 2111 1070 2168 longe
1088 2112 1212 2169 quasi
1234 2112 1328 2153 sine
1351 2113 1680 2170 comparatione
1700 2114 1843 2155 minus

355 2181 771 2239 contemplationem
784 2181 1131 2239 impedivissent,
1147 2191 1417 2225 recusantes.
1438 2200 1459 2222 ))
1476 2210 1534 2215 --
1550 2184 1782 2239 Quomodo
1803 2192 1845 2226 et

355 2252 544 2309 qualiter
571 2253 840 2310 respondere
868 2261 911 2295 et
932 2269 977 2294 se
998 2269 1205 2295 excusare
1227 2262 1436 2311 poterunt
1458 2255 1631 2312 prelati,
1658 2255 1693 2297 si
1714 2255 1844 2297 talem

355 2325 654 2366 recusaverint
682 2324 824 2366 facere
853 2324 1176 2366 ordinationem
1204 2333 1247 2366 et
1273 2326 1604 2382 provisionem?

415 2399 552 2448 [XXIX]
595 2397 693 2438 Non
726 2395 898 2437 videtur
933 2396 1052 2453 quod
1095 2397 1215 2454 pacis
1258 2396 1439 2446 inimici,
1477 2397 1513 2439 si
1553 2398 1634 2439 hec
1670 2397 1841 2447 fierent,

354 2465 511 2507 offensi
531 2475 573 2508 et
595 2483 616 2508 a
634 2467 723 2508 suis
746 2467 979 2509 desideriis
995 2467 1230 2525 plurimum
1246 2467 1507 2518 defraudati,
1527 2468 1628 2509 licet
1646 2468 1844 2510 videntes

354 2544 396 2577 et
418 2537 663 2579 recolentes
685 2538 827 2580 omnia
856 2539 1077 2596 presentia
1100 2547 1142 2580 et
1170 2538 1380 2596 preterita
1407 2539 1460 2580 ab
1483 2539 1654 2597 origine
1677 2539 1841 2589 mondi,

354 2617 536 2665 possent
563 2625 643 2666 pro
679 2609 962 2667 impediendo
996 2610 1287 2667 probabiliter
1323 2610 1619 2667 provisionem
1655 2618 1697 2652 et
1724 2610 1844 2652 ordi-

355 2832 381 2867 Z
402 2787 432 2819 1.
465 2786 495 2819 Il
518 2786 627 2832 s'agit
648 2788 692 2821 de
717 2787 849 2822 Crates
872 2788 917 2822 de
938 2788 1101 2829 Thebes,
1131 2788 1290 2836 disciple
1320 2789 1365 2823 de
1395 2788 1566 2835 Diogene
1585 2794 1621 2823 et
1642 2791 1774 2823 maitre
1796 2789 1840 2824 de

387 2844 499 2868 enon·
