1942 3242
343 249 402 280 138
889 252 1070 283 ΡΙΕΗΒΕ
1100 253 1293 285 DUBOIS.

75 347 277 419 Γοὲιὲπὲίιῖῖξίιῖῗοῃ
290 353 325 410 ἐξ
345 339 391 381 in
417 341 872 397 recompensationem
901 342 1198 399 impensarum
1226 358 1333 400 quas
1366 343 1565 386 fecerunt
1602 346 1835 403 negocium

110 419 323 483 {ggeyffi-teetiegar
345 410 643 452 demolitionis
665 411 834 453 ordinis
856 421 898 454 et
921 413 1166 470 punitionis
1187 430 1474 471 personarum
1502 417 1829 474 prosequendo.

300 476 305 482 ’
343 483 452 524 Nam
473 482 718 524 subsidium
747 485 882 525 Terre
920 486 1097 534 Sancte,
1133 493 1322 527 testante
1356 486 1624 528 decimarum
1671 489 1833 530 exami-

343 553 536 603 natione,
576 554 913 597 elemosinarum
940 564 983 598 et
1010 557 1404 615 crucesignationis
1439 558 1564 600 solita
1600 559 1830 616 petitione,

343 625 630 667 munitionem
663 626 845 669 habebit
871 643 951 685 pro
989 628 1222 685 stipendiis
1250 645 1326 671 seu
1366 629 1506 688 gagiis
1539 638 1831 689 pugnatorum

343 696 419 755 qui
444 697 682 739 necessarii
711 707 841 740 erunt
879 698 1198 756 persolvendis,
1230 716 1311 742 nec
1345 701 1568 758 oportebit
1607 701 1832 760 principes

343 767 582 810 catholicos
601 768 654 810 de
667 768 774 810 locis
790 770 968 811 remotis
981 770 1085 812 illuc
1101 771 1180 821 ire,
1195 779 1413 813 terrarum
1429 788 1604 813 suarum
1619 773 1831 831 regimina

342 838 621 890 dimittendo,
645 840 754 882 vitas
782 857 880 883 suas
897 842 1179 892 abreviando,
1211 842 1323 884 sicut
1348 843 1544 901 hystorie
1572 843 1831 886 multociens

341 911 579 970 contigisse
594 919 828 954 testantur.
849 913 913 954 Ex
931 913 1093 955 talibus
1115 913 1364 972 itinerib11S‚
1385 931 1468 972 que
1489 930 1643 972 parum
1657 914 1830 973 profue-

339 989 458 1032 runt,
491 983 697 1040 quoniam
732 999 819 1025 non
866 983 1081 1026 durarunt
1119 985 1325 1043 partiales
1366 994 1650 1044 conquestus,
1692 986 1831 1045 liquet

339 1053 574 1111 presertim
624 1070 762 1113 regno
820 1055 1004 1097 Francie
1054 1056 1242 1114 plurima
1288 1057 1519 1115 dispendia
1572 1057 1826 1117 contigisse.

339 1124 590 1167 proderunt
609 1126 739 1168 etiam
755 1126 991 1184 aliquando
1005 1128 1199 1169 thesauri
1213 1144 1294 1185 pro
1313 1130 1448 1171 Terra
1468 1130 1629 1172 Sancta
1648 1129 1709 1170 sic
1731 1145 1830 1171 con-

339 1197 509 1255 gregati
524 1197 801 1255 principibus
823 1198 1036 1250 locorum;
1063 1190 1162 1257 quia
1180 1199 1231 1249 si,
1257 1200 1403 1241 subito
1428 1201 1629 1242 veniente
1654 1216 1827 1259 guerra,

338 1275 458 1310 tanta
473 1268 849 1326 egeantfpecunia,
871 1277 1082 1327 poterunt
1102 1286 1196 1312 eam
1211 1279 1406 1328 paratam
1423 1279 1574 1329 petere
1590 1279 1633 1313 et
1647 1271 1827 1323 habere,

339 1339 393 1381 de
419 1339 648 1382 reddendo
675 1356 772 1382 cum
793 1348 968 1398 petetur
990 1350 1208 1392 caventes,
1240 1350 1283 1383 et
1303 1358 1382 1400 per
1403 1342 1634 1384 missiones
1661 1359 1830 1401 pugna-

338 1419 483 1453 torum
525 1411 916 1454 exhonerabuntur
955 1413 1160 1472 regiones
1207 1413 1260 1455 de
1294 1414 1530 1471 juvenibus
1570 1414 1664 1455 sine
1705 1422 1830 1456 custu

339 1498 517 1524 suorum
549 1483 863 1540 proximorum,
896 1485 970 1541 qui
997 1500 1085 1526 non
1113 1485 1328 1527 haberent
1357 1485 1474 1527 unde
1501 1485 1686 1527 honeste
1715 1485 1831 1527 vive-

339 1561 438 1596 rent
465 1554 509 1595 in
543 1553 651 1595 locis
687 1570 862 1596 suarum
900 1556 1142 1598 nationum.
1180 1558 1267 1598 Per
1298 1556 1408 1598 viam
1446 1556 1688 1615 predictam
1714 1564 1831 1598 totus

339 1625 529 1683 populus
562 1626 809 1684 egiptiacus
843 1626 897 1668 ad
933 1626 1063 1669 fidem
1104 1627 1362 1669 catholicam
1401 1627 1454 1669 de
1491 1627 1607 1670 sacili
1649 1643 1832 1670 conver-

338 1704 471 1747 tetur,
509 1705 556 1739 ut
597 1697 651 1739 de
683 1698 892 1740 servitute
929 1698 972 1740 in
1009 1698 1258 1740 libertatern
1294 1699 1503 1758 erigatur.
1547 1699 1716 1742 Pharao
1753 1715 1832 1757 per

339 1767 667 1826 providenciam
709 1778 751 1810 et
796 1770 1136 1827 promissionem
1169 1770 1349 1828 Joseph,
1385 1771 1459 1828 qui
1500 1778 1667 1828 septem
1705 1770 1831 1812 annis

341 1838 560 1882 fertilibus
577 1856 763 1898 granum
792 1841 986 1900 collegit,
1018 1842 1062 1882 in
1092 1842 1381 1899 sequentibus
1409 1849 1578 1899 septem
1605 1841 1830 1883 sterilibus

340 1912 482 1962 annis,
526 1911 746 1954 mediante
773 1928 911 1971 grano
940 1913 1150 1971 reposito,
1175 1920 1322 1971 patres
1342 1921 1384 1955 et
1411 1912 1524 1954 filios
1547 1913 1828 1971 comparavit,

339 1990 383 2024 et
403 1991 563 2025 extunc
584 1983 628 2025 in
651 1984 904 2026 servitutem
937 1984 1123 2043 redegit.
1153 1986 1340 2043 Propter
1377 1984 1495 2043 quod
1539 1984 1729 2043 populus
1778 1984 1831 2026 de

339 2055 543 2096 omnibus
567 2055 783 2097 fructibus
808 2064 941 2106 terre,
969 2072 1053 2114 que
1074 2056 1257 2097 multum
1284 2055 1440 2098 fertilis
1463 2064 1543 2106 est,
1570 2055 1709 2097 solum
1730 2071 1831 2114 per-

339 2126 446 2184 cipit
473 2142 712 2185 pauperem
727 2127 889 2169 victum
903 2136 946 2169 et
972 2128 1192 2170 vestitum.
1212 2128 1266 2169 Et
1281 2127 1447 2169 idcirco
1469 2127 1621 2169 dicunt
1637 2127 1711 2185 qui
1728 2126 1831 2168 illuc

339 2196 517 2239 suerunt
546 2198 664 2256 quod
704 2198 928 2247 soldanus,
967 2215 1081 2241 anno
1118 2199 1332 2257 quolibet,
1376 2199 1566 2256 percipit
1605 2214 1626 2240 a
1665 2198 1830 2256 populo

338 2269 439 2326 plus
468 2285 598 2327 quam
620 2270 787 2311 sexcies
810 2278 989 2312 centum·
1013 2270 1130 2312 milia
1173 2270 1470 2312 bisanciorum
1492 2270 1601 2319 auri,
1633 2269 1831 2327 quolibet

338 2340 510 2382 valente
558 2357 633 2382 sex
677 2340 883 2383 florenos.
938 2342 992 2383 Et
1033 2342 1111 2391 sic,
1155 2357 1252 2383 cum
1289 2343 1423 2383 Terra
1462 2341 1768 2399 promissionis
1808 2356 1829 2382 a

340 2412 567 2454 catholicis
589 2428 792 2470 possessa
813 2421 856 2454 et
883 2411 1152 2454 sufficienter
1169 2413 1411 2471 gubernata
1433 2412 1530 2461 erit,
1556 2428 1652 2453 cum
1680 2411 1829 2453 hostes

340 2483 517 2525 aliunde
548 2483 670 2525 nullo
701 2484 830 2525 modo
858 2492 1038 2541 possent
1066 2484 1274 2542 Egiptum
1303 2484 1468 2525 intrare
1495 2483 1580 2524 nisi
1607 2499 1685 2541 per
1713 2498 1829 2524 mare

339 2570 479 2612 prope
526 2555 801 2604 Babilonem,
844 2555 1049 2596 videlicet
1086 2563 1269 2612 propter
1308 2554 1567 2595 fortissimas
1607 2553 1829 2595 clausuras

340 2625 519 2675 deserti,
569 2625 708 2683 liquet
747 2625 881 2683 quod,
924 2626 1105 2668 absente
1155 2625 1350 2675 domino,
1397 2633 1514 2666 terra
1558 2632 1707 2682 posset
1751 2639 1830 2681 per

339 2712 502 2753 paucos
540 2704 582 2738 et
618 2712 714 2738 cum
745 2697 992 2754 sumptibus
1033 2696 1216 2738 modicis
1249 2695 1477 2745 custodiri,
1523 2703 1581 2744 et,
1612 2702 1742 2752 prout
1785 2695 1828 2736 in

340 2766 457 2809 diota
482 2767 667 2825 epistola
702 2775 892 2818 cavetur,
928 2783 1035 2826 pace
1076 2767 1242 2810 firmata
1279 2768 1393 2809 inter
1426 2765 1648 2825 principes
1683 2765 1828 2807 catho-

342 2837 466 2889 licos,
502 2839 821 2898 promissisque
855 2839 935 2881 sub
973 2839 1100 2881 bonis
1140 2838 1417 2885 cautionibus
1451 2838 1504 2880 ab
1541 2836 1706 2883 eisdem
1743 2836 1827 2882 sibi
