1942 3242
322 215 386 250 124
873 220 1057 253 PIERRE
1086 221 1276 255 DUBOIS.

324 323 402 352 rex
428 306 491 352 sic
514 324 615 352 suas
641 308 880 367 peccunias
907 321 1246 355 transmutasset
1263 323 1306 356 et
1323 312 1650 366 deteriorasset,
1687 315 1722 359 si
1750 327 1814 360 tot

325 390 369 422 et
395 390 515 422 tanta
543 380 732 439 dampna
761 397 813 424 ex
833 382 917 425 hoc
948 394 1154 426 secutura
1181 383 1274 427 fore
1302 384 1591 439 credidisset3
1621 403 1702 430 nec
1720 387 1814 447 ipse

324 450 368 493 in
398 451 531 494 tantis
572 451 742 495 deliciis
782 464 825 495 et
865 453 1035 497 diviciis
1078 455 1272 498 nutritus
1311 467 1355 499 et
1381 457 1666 510 assuefactus,
1703 475 1812 518 qua-

327 539 505 582 cunque
527 523 856 568 intermissione
904 537 1120 578 cessante,
1169 526 1223 570 de
1267 544 1313 570 se
1364 528 1493 587 plene
1544 545 1812 589 cognoscere

325 606 473 654 potest
495 595 694 639 defectus
718 608 760 639 et
795 596 1142 641 innumerabiles
1182 600 1391 658 penurias
1429 602 1729 660 paupertatis;
1761 603 1814 646 ad

323 666 463 710 instar
481 683 633 710 eorum
663 668 739 727 qui
760 669 894 728 longo
913 680 1111 728 tempore
1140 670 1344 714 vixerunt
1386 672 1557 715 nullum
1610 675 1814 717 morbum

323 738 559 797 patientes,
599 739 673 798 qui
707 756 860 783 causas
887 752 930 783 et
963 741 1217 784 occasiones
1249 744 1506 786 morborum
1541 743 1696 788 timere
1726 762 1815 789 non

323 821 527 869 possunt,
548 812 651 870 quia
673 813 929 855 morborum
943 813 1259 857 amaritudines
1278 831 1366 857 non
1378 826 1628 874 gustarunt.
1647 816 1816 860 Idcirco

324 882 452 926 multi
475 882 700 942 principes
723 884 877 927 modos
899 885 1071 927 vivendi
1099 886 1337 944 cujuslibet
1373 887 1649 930 condicionis
1675 888 1814 931 homi-

324 970 431 998 num
453 954 666 1014 leguntur
688 956 856 1014 experti
884 956 1020 999 fuisse
1049 967 1092 999 et
1113 968 1368 1015 temptasse,
1399 969 1447 1000 ut
1476 958 1624 1001 mondi
1655 970 1817 1002 status-

326 1042 412 1085 que
447 1026 647 1084 ejusdem
676 1026 976 1086 cognitionem
1015 1029 1245 1071 haberent.
1290 1030 1472 1072 Certum
1511 1030 1628 1072 enim
1656 1042 1737 1082 est,
1769 1042 1818 1074 ut

326 1098 385 1141 ait
408 1098 724 1157 Philosophus,
757 1099 878 1158 quod
889 1101 1139 1159 prudencia
1160 1102 1307 1143 monde·
1333 1101 1482 1160 hujus,
1509 1119 1640 1160 quam
1662 1102 1819 1146 asserit

327 1170 420 1212 fore
448 1170 647 1229 reginam
677 1170 876 1214 omnium
901 1171 1115 1214 virtutum
1151 1171 1400 1224 moralium,
1432 1174 1641 1232 quoniam
1667 1190 1820 1216 omnes

302 1242 372 1285 .in
415 1258 460 1284 se
495 1241 822 1301 complectitur,
848 1246 891 1286 in
931 1244 1054 1285 nobis
1085 1245 1334 1303 adquiritur
1350 1261 1436 1303 per
1468 1249 1818 1303 expet-z'enciam;

329 1313 609 1372 experiencia
635 1330 738 1356 vero
766 1314 995 1373 agibilium
1024 1316 1319 1370 humanorum
1347 1315 1481 1375 longo
1512 1316 1682 1376 indiget
1715 1329 1820 1359 tem-

327 1402 467 1445 pore3
506 1402 558 1428 ex
597 1401 685 1444 qno
725 1386 952 1429 concludit
1001 1387 1121 1445 quod
1163 1403 1292 1429 nemo
1339 1403 1442 1429 sane
1489 1388 1647 1430 mentis
1698 1387 1822 1447 eligit

325 1460 511 1517 juvenes
551 1457 704 1508 duces,
744 1474 795 1500 eo
833 1458 953 1516 quod
983 1474 1072 1501 non
1103 1470 1275 1501 constat
1310 1475 1385 1501 eos
1424 1475 1518 1501 esse
1559 1459 1819 1518 prudentes,

331 1529 435 1588 quia
462 1529 507 1571 in
527 1545 669 1588 pauco
691 1541 891 1588 tempore
918 1546 1007 1572 non
1028 1530 1166 1573 multa
1192 1542 1436 1589 potuerunt
1468 1530 1658 1591 experiri
1679 1542 1723 1574 et
1749 1546 1822 1573 co-

329 1600 581 1660 gnoscere¹.

379 1747 412 1778 1.
443 1744 501 1778 Cf.
523 1747 574 1779 De
596 1744 734 1786 abrev„
755 1745 820 1778 fol.
844 1746 888 1779 32
908 1752 971 1778 v0:
1005 1758 1166 1792 passage
1200 1746 1339 1780 traduit
1369 1758 1437 1792 par
1470 1746 1520 1779 M.
1544 1745 1735 1783 Bouiani-ie,
1770 1746 1822 1778 La

331 1794 474 1827 France
494 1804 584 1827 sous
617 1792 792 1841 Philippa
823 1791 854 1826 le
875 1792 952 1834 Bel,
989 1806 1025 1838 p.
1049 1795 1141 1828 325:
1180 1807 1198 1826 «
1238 1791 1449 1827 Gravam'en
1481 1805 1546 1839 per
1578 1793 1822 1826 mutationem

331 1840 512 1887 peccunie
533 1841 758 1886 perveniens
780 1840 1017 1874 sensibiliter
1053 1847 1179 1887 potest
1196 1841 1330 1881 videri,
1351 1841 1526 1886 judicari,
1555 1840 1723 1886 presumi
1757 1851 1824 1885 per

332 1889 402 1922 hoc
425 1889 525 1934 quod
547 1888 720 1922 redditus
743 1887 927 1922 nobilium
949 1894 985 1922 et
1003 1888 1164 1922 aliorum
1197 1888 1453 1935 quorumlibet
1470 1889 1506 1922 in
1537 1888 1715 1934 peccunia
1738 1887 1823 1920 facti

331 1949 408 1970 non
431 1941 518 1969 sunt
539 1936 783 1981 augmentati,
816 1948 899 1970 cum
928 1949 1039 1969 unum
1064 1937 1185 1970 solum
1209 1936 1371 1970 habeant
1404 1936 1599 1969 denarium
1632 1934 1696 1969 ubi
1728 1935 1824 1969 duos

333 1983 474 2017 habere
496 1990 789 2024 consueverunt,
810 1990 846 2018 et
860 1997 991 2018 omnes
1013 1996 1075 2018 res
1110 1985 1156 2018 ad
1177 1985 1315 2018 victum
1337 1990 1374 2018 et
1401 1984 1578 2018 vestitum
1609 1981 1824 2017 necessarie

335 2036 422 2065 sunt
442 2031 480 2070 in
503 2031 619 2077 duplo
642 2032 719 2065 fere
743 2032 856 2065 solito
879 2032 1059 2071 cariores,
1078 2032 1122 2065 ad
1145 2033 1246 2078 quod
1268 2033 1424 2066 multum
1448 2031 1535 2065 fecit
1556 2032 1657 2078 quod
1684 2030 1740 2064 illi
1761 2029 1824 2076 qui

333 2084 437 2112 extra
455 2091 612 2125 regnum
645 2079 819 2113 solebant
853 2085 1004 2125 portare
1040 2080 1240 2125 peccunias
1271 2092 1369 2113 nunc
1404 2091 1533 2112 eorum
1564 2080 1646 2113 loco
1673 2082 1825 2124 portant

333 2138 492 2167 merces,
517 2139 610 2173 quas
623 2139 698 2160 non
712 2133 840 2160 essent
858 2127 951 2161 alias
966 2128 1166 2172 portaturi,
1187 2127 1235 2161 ob
1258 2127 1327 2161 hoc
1342 2139 1405 2160 eas
1422 2127 1547 2161 carius
1562 2131 1824 2172 comparantes

334 2174 422 2221 quia
444 2174 574 2220 plures
591 2181 678 2208 sunt
699 2180 904 2221 emptores,
922 2180 1025 2208 tanto
1046 2176 1215 2209 vendunt
1237 2181 1481 2214 mercaturas,
1500 2180 1539 2207 ut
1560 2180 1663 2220 patet
1684 2174 1729 2207 de
1746 2172 1823 2206 vic-

333 2221 514 2263 tualibus,
552 2228 691 2268 quanto
731 2234 891 2268 magnus
936 2222 1122 2256 exercitus
1165 2223 1403 2268 maguifeste.
1440 2222 1563 2255 Hodie
1578 2262 1582 2264 ἡ
1600 2222 1824 2268 quicumque

334 2281 479 2303 merces
502 2282 759 2316 quascumque
776 2271 821 2304 de
852 2271 981 2316 regnis
1013 2270 1097 2303 aliis
1119 2271 1319 2304 asserentes
1341 2270 1387 2303 ad
1415 2282 1571 2315 regnum
1595 2270 1824 2303 Francorum

335 2318 444 2364 quasi
466 2318 646 2363 peccunia
666 2331 741 2351 non
767 2323 870 2352 esset
890 2330 951 2352 res
970 2317 1063 2351 alias
1085 2324 1305 2364 reportant;
1330 2318 1440 2356 unde,
1466 2322 1643 2363 quantum
1681 2317 1726 2349 ad
1753 2315 1824 2349 alia

335 2377 464 2411 regna,
487 2366 669 2412 peccunia
690 2366 799 2411 nigra
820 2365 998 2411 peccunia
1014 2378 1090 2398 non
1109 2371 1306 2412 reputatur
1325 2377 1392 2400 nec
1414 2377 1573 2411 regnum
1595 2365 1824 2398 Francorum

336 2413 461 2459 quoad
473 2413 543 2447 hoc
557 2413 670 2447 habet
689 2413 920 2459 peccuniam,
935 2413 1009 2446 nisi
1029 2413 1206 2459 quatinus
1222 2412 1335 2446 habet
1353 2424 1504 2446 auream
1520 2413 1578 2446 vel
1594 2415 1822 2457 argenteam,

336 2460 487 2494 minime
510 2461 758 2507 denigratam.
777 2461 953 2495 Preterea
970 2461 1033 2507 qui
1053 2461 1165 2495 habet
1185 2466 1373 2495 trecentas
1390 2459 1509 2494 libras
1531 2459 1702 2494 redditus
1722 2463 1825 2491 extra

336 2521 495 2554 regnum
527 2509 735 2554 portandas
766 2509 902 2542 amittit
926 2509 1078 2542 terciam
1100 2514 1258 2554 partem,
1291 2508 1376 2554 quia
1411 2507 1496 2553 plus
1530 2513 1614 2541 ante
1647 2504 1825 2551 peccunie

337 2556 584 2590 mutationem
603 2555 868 2590 habebaturde
891 2568 982 2589 auro
1005 2557 1061 2589 vel
1085 2562 1241 2601 argento
1265 2568 1332 2601 pro
1368 2555 1539 2588 ducentis
1573 2553 1682 2588 libris
1715 2564 1825 2606 quam

337 2604 449 2637 modo
467 2616 534 2649 pro
555 2604 749 2638 trecentis.
773 2604 866 2637 Sunt
887 2603 958 2637 alia
978 2604 1152 2649 graviora
1177 2604 1335 2648 dampna
1359 2614 1566 2648 pauperum
1590 2607 1625 2634 et
1646 2599 1826 2634 ecolesm-

337 2663 420 2685 rum
440 2651 596 2691 Christi,
621 2651 685 2697 qui
707 2651 831 2685 solitis
849 2651 1069 2685 elemosinis
1094 2657 1130 2685 et
1157 2650 1425 2696 largitionibus
1449 2649 1719 2683 defraudantur
1741 2647 1826 2693 quia

338 2699 519 2732 minutam
543 2699 736 2744 pecuniam
758 2711 833 2732 non
856 2698 995 2732 habent
1011 2712 1017 2738 ;
1035 2705 1072 2732 et
1094 2699 1146 2732 sic
1169 2711 1300 2732 omnes
1324 2697 1466 2731 subditi
1486 2695 1593 2741 regni
1617 2707 1683 2741 per
1705 2701 1826 2728 muta-

339 2747 484 2781 cionem
506 2747 771 2792 peccuniarum
793 2747 1120 2792 dampnificantur,
1145 2746 1310 2791 exceptis
1342 2745 1464 2778 solum
1486 2743 1668 2790 principe,
1699 2744 1826 2776 firma-

338 2795 420 2834 riis,
444 2800 480 2828 et
502 2794 711 2828 factoribus
733 2799 981 2828 monetarum.
1006 2795 1206 2835 Quomodo
1235 2806 1325 2839 ergo
1356 2797 1472 2832 tanto,
1497 2797 1570 2825 tam
1592 2789 1760 2836 generali
1791 2795 1827 2823 et

340 2842 444 2890 gravi
464 2843 625 2893 dampno
650 2842 765 2879 totius
796 2848 831 2876 et
848 2843 942 2879 tanti
973 2843 1103 2892 populi
1120 2841 1258 2891 poterit
1290 2839 1494 2879 subveniri,
1516 2839 1682 2885 cogitare
1711 2836 1826 2874 debe-
