1942 3242
337 206 397 239 112
883 209 1065 243 PIERRE
1096 210 1291 244 DUBOIS.

337 313 417 355 per
445 313 549 340 suos
573 298 815 357 proximos,
839 298 1123 342 fidelissimos
1151 300 1287 343 duces
1314 300 1532 342 bellorum
1563 300 1828 360 obstagiare,

339 369 394 411 de
421 370 747 429 pugnatoribus
779 381 822 413 et
854 372 989 413 rebus
1027 371 1081 413 ad
1108 371 1398 431 pugnandum
1428 383 1514 413 tam
1544 371 1830 414 neccessariis

340 457 471 499 quam
500 441 832 484 conferentibus
853 442 1101 501 providere,
1127 454 1248 501 patet
1266 459 1318 486 ex
1337 443 1421 485 hoc
1443 454 1486 485 et
1506 459 1585 501 per
1605 443 1689 485 hoc
1711 443 1831 501 qnod

339 512 398 554 ait
425 512 725 572 Philosophus
753 513 798 555 in
825 530 903 556 sua
928 514 1150 573 Polytica:
1171 516 1379 557 Homines
1404 515 1619 556 intellectu
1643 518 1831 573 vigentes

336 585 604 627 naturaliter
641 595 742 627 sunt
782 586 969 628 aliorum
1021 596 1210 628 rectores
1247 596 1287 628 et
1325 587 1500 628 domini.
1559 610 1618 618 —
1666 588 1831 628 Anima

338 672 435 699 vero
472 657 627 699 sedata
656 658 710 714 fit
744 660 920 715 sapiens
953 667 994 699 et
1022 659 1235 716 prudens,
1276 668 1325 700 ut
1361 657 1420 699 ait
1458 657 1647 716 septimo
1685 656 1830 699 Phisi-

337 743 504 770 corum.
542 727 615 772 Sic
650 728 908 787 quiescebat
946 740 1124 772 sanctus
1164 728 1320 779 David,
1359 728 1723 786 contemplationi
1755 743 1829 771 va-

337 799 493 850 cando,
543 799 835 858 mittebatque
863 799 976 842 filios
1011 800 1146 842 Israel
1186 800 1238 843 ad
1280 799 1638 859 obstagiandum.
1680 800 1828 842 Duces

335 870 554 914 bellorum
591 871 654 914 sic
694 871 815 914 missi
857 871 943 914 cito
972 883 1186 931 poterunt
1220 871 1436 930 equitare,
1475 870 1622 912 subito
1662 870 1828 912 bellum

335 942 463 993 inire,
499 942 712 986 insidiose
751 943 1011 1002 procedere,
1055 943 1144 986 huc
1182 954 1225 985 et
1269 942 1375 984 illuc
1410 953 1539 984 nocte
1585 941 1747 1000 dieque
1784 957 1829 983 se

334 1014 575 1057 transferre
596 1015 652 1057 ob
679 1015 952 1074 gravandum
981 1015 1149 1065 hostes,
1180 1014 1446 1072 plerumque
1475 1013 1528 1055 de
1548 1012 1700 1071 spoliis
1722 1013 1826 1055 hos-

334 1086 445 1129 tium
466 1097 678 1145 poterunt
695 1086 840 1129 vivere
863 1105 872 1139 3
899 1103 985 1145 que
1005 1102 1093 1128 non
1112 1097 1263 1144 posset
1282 1097 1430 1127 tantus
1447 1101 1523 1127 rex
1543 1096 1584 1126 et
1599 1084 1823 1142 princeps,

335 1175 467 1217 quem
496 1175 584 1200 non
608 1157 735 1200 decet
754 1169 937 1216 propter
964 1173 1154 1216 paucum
1183 1157 1399 1215 populum
1429 1156 1483 1198 ad
1505 1172 1623 1198 arma
1650 1155 1828 1213 publice

334 1223 470 1283 exi‘re,
512 1230 712 1288 regimen
754 1229 880 1288 quasi
915 1229 1008 1271 sine
1048 1228 1378 1287 comparatione
1418 1229 1634 1285 majorum
1674 1226 1827 1285 populi

336 1301 617 1345 dimittendo.
661 1303 759 1345 Non
797 1301 923 1343 decet
962 1311 1134 1342 tantum
1165 1298 1429 1358 principem,
1464 1298 1645 1340 dimisso
1683 1309 1748 1340 tot
1786 1308 1829 1339 et

334 1385 559 1416 tantorum
593 1372 827 1433 regimine,
867 1371 1069 1431 periculo
1103 1370 1266 1414 casuali
1309 1381 1351 1412 et
1381 1369 1563 1412 fortuito
1591 1368 1745 1411 mortis
1783 1385 1827 1411 se

334 1462 603 1504 supponere,
629 1462 699 1496 ne,
717 1460 928 1504 percusso
940 1453 1139 1502 pastore,
1163 1442 1365 1501 Dyabolo
1382 1441 1638 1500 instigante,
1660 1442 1828 1499 disper-

329 1528 498 1578 gantur
534 1533 631 1561 oves
663 1515 865 1575 gregi-5¹3
909 1515 986 1558 sed
1024 1531 1104 1573 per
1132 1514 1278 1572 ipsum
1306 1512 1549 1571 principem
1581 1511 1826 1554 mittentem

334 1588 575 1632 exercitum
618 1588 672 1630 ad
711 1587 904 1646 aliquam
943 1585 1215 1645 provinciam
1256 1584 1467 1626 rebellem
1515 1582 1827 1625 debellandum

335 1661 462 1704 decet
492 1659 687 1702 ordinari
726 1658 958 1709 mittendo,
997 1657 1117 1716 quod
1152 1656 1188 1699 si
1219 1656 1330 1698 forte
1363 1655 1519 1698 ducem
1555 1654 1658 1696 belli
1697 1653 1824 1706 mori,

333 1732 554 1776 vulnerari
591 1731 659 1774 vel
686 1730 900 1773 infirmari
935 1729 1180 1788 contingat,
1213 1744 1289 1770 seu
1319 1727 1423 1770 alias
1452 1724 1657 1784 impediri
1695 1725 1826 1767 modo

335 1804 550 1864 quolibet,
571 1804 680 1846 alter
708 1802 854 1846 statim
883 1801 920 1844 ei
950 1802 1233 1859 subrogetur,
1260 1798 1295 1841 si
1324 1809 1525 1840 mortuus
1552 1796 1623 1846 sit,
1654 1795 1826 1854 simpli-

335 1877 444 1920 citer
466 1888 509 1919 et
528 1892 665 1935 pure;
690 1874 726 1917 si
754 1874 860 1916 alias
882 1872 1141 1932 impeditus,
1167 1886 1400 1930 quousque
1422 1869 1698 1911 convalescat
1717 1885 1727 1919 ;
1746 1866 1822 1925 qui

334 1949 481 1992 statim
505 1964 604 1990 curn
634 1945 819 1989 consilio
841 1956 1005 1988 statuto
1027 1942 1214 1986 ulterius
1238 1941 1440 1984 celeriter
1465 1951 1508 1982 et
1529 1950 1698 1982 mature
1720 1955 1823 1997 pro-

335 2020 475 2063 cedat.
519 2021 731 2078 Magnum
777 2017 894 2059 enim
942 2014 1183 2058 exercitum
1227 2023 1410 2072 propter
1455 2010 1822 2070 impedimentum

333 2091 466 2135 unius
487 2089 682 2133 hominis
705 2088 951 2148 quiescere,
983 2086 1208 2129 occiosum
1241 2101 1337 2127 esse
1366 2095 1408 2126 et
1430 2082 1670 2132 dimittere,
1709 2091 1826 2123 esset

334 2179 521 2223 magnus
567 2161 765 2204 defectus
814 2157 1125 2202 ordinationis.
1171 2155 1352 2199 Boetius
1393 2171 1496 2197 vero
1535 2154 1672 2196 solam
1717 2153 1827 2195 illud

381 2411 414 2443 1.
443 2407 591 2442 Dubois
613 2405 766 2453 ponvait
786 2405 834 2440 ici
852 2404 944 2438 faire
961 2402 1232 2448 legitimement
1247 2400 1356 2446 appel
1379 2400 1397 2433 a
1416 2399 1449 2433 la
1473 2398 1579 2433 triste
1601 2394 1820 2443 experience

334 2457 400 2490 des
420 2457 516 2490 deux
532 2455 704 2489 derniers
719 2453 811 2491 rois,
831 2452 948 2485 Louis
962 2451 1011 2485 IX
1027 2456 1062 2484 et
1076 2449 1250 2495 Philippe
1267 2448 1300 2482 le
1314 2447 1446 2487 Hardi,
1463 2451 1581 2479 morts
1598 2446 1642 2479 de
1661 2443 1820 2477 maladie

333 2517 379 2538 en
398 2514 617 2548 campagne.
642 2502 672 2535 11
693 2501 755 2547 n‘y
773 2511 932 2544 manque
956 2510 1022 2544 pas
1044 2498 1137 2531 dans
1169 2497 1201 2530 le
1223 2498 1273 2529 De
1313 2494 1448 2532 abrev„
1475 2493 1536 2527 fol.
1564 2494 1604 2527 11
1625 2505 1631 2525 z
1674 2505 1691 2524 «
1719 2490 1819 2531 Quid

333 2557 456 2585 autem
476 2551 695 2596 contingere
708 2547 902 2583 consuevit
918 2559 984 2592 per
1002 2545 1214 2579 festinatam
1230 2548 1386 2576 mortem
1403 2541 1586 2587 principis
1601 2539 1821 2583 obstaginn—

332 2599 394 2638 tis,
418 2599 529 2632 etiam
552 2597 632 2631 sine
655 2596 769 2630 armis
791 2594 1021 2632 decedentis,
1045 2591 1255 2626 clarissime
1295 2589 1512 2628 declaravit,
1539 2586 1821 2633 magnifestavit

332 2646 441 2680 vobis
462 2657 603 2679 summa
631 2644 811 2690 magistra
839 2647 875 2675 et
908 2640 1078 2675 doctrina
1119 2651 1243 2673 rernm
1278 2636 1512 2683 experiencia
1547 2633 1819 2668 illustrissimis

332 2694 578 2740 progenitore
598 2698 726 2725 vestro
749 2696 785 2724 et
805 2702 887 2729 ave,
906 2700 1095 2722 armorum
1123 2685 1370 2732 percussione
1396 2687 1579 2721 cessante,
1612 2681 1709 2714 viam
1740 2679 1820 2713 uni-

331 2753 440 2775 verse
454 2741 578 2775 carnis
596 2736 913 2785 ingredientibus,
932 2742 1089 2782 propter
1102 2734 1200 2768 aeris
1217 2731 1477 2778 intemperiem
1490 2735 1525 2763 et
1537 2728 1818 2774 corruptionem

333 2789 511 2834 gravatis,
533 2799 615 2821 cum
634 2787 733 2832 juxta
768 2785 921 2818 solitum
942 2789 1074 2818 nature
1106 2793 1257 2816 cursum
1279 2779 1396 2814 multo
1421 2777 1553 2823 majori
1574 2782 1744 2822 tempore
1763 2775 1819 2809 vi-

332 2848 419 2870 vere
441 2835 664 2870 debuissent
685 2839 721 2868 et
742 2832 956 2879 potuissent
977 2844 1010 2864 ».
