1942 3242
302 229 342 259 26
849 228 1034 260 PIERRE
1062 228 1256 267 DUBOIS,

303 332 481 359 romane
509 317 805 374 subjectarum
832 316 1057 367 clamatur,
1090 333 1188 359 cum
1221 317 1379 376 aliquis
1405 318 1462 367 de
1494 320 1689 379 symonia
1723 336 1792 362 ar-

302 396 467 447 gultur.

361 460 518 502 Nonne
538 458 695 500 videtis
717 459 906 517 qualiter
927 459 1130 502 dominus
1151 476 1263 518 papa
1284 469 1327 502 et
1348 461 1592 503 cardinales
1614 478 1793 504 munera

302 531 523 589 recipiunt
544 530 596 572 ab
619 530 727 588 ipsis
750 530 910 588 quibus
931 530 1146 573 beneficia
1167 532 1470 583 conferuntur,
1488 534 1722 591 presertim
1740 534 1793 576 ab

301 602 388 644 illis
416 602 576 660 quibus
605 602 658 644 de
685 602 1007 660 prelationibus
1035 603 1348 661 providetur¹P
1377 605 1575 659 Qualiter
1602 605 1688 647 illis
1715 621 1795 663 per

303 690 403 716 suos
431 682 696 716 mercatores
726 674 806 715 sub
834 675 1040 733 gravibus
1061 675 1205 716 usuris
1230 675 1396 718 faciunt
1422 677 1658 734 peccunias
1686 693 1793 735 quas

303 747 356 788 ab
378 746 440 787 eis
462 745 641 803 capiunt
662 746 866 796 mutuari,
888 747 1122 804 presertim
1144 747 1197 788 ab
1219 747 1432 806 exemptis
1452 748 1469 790 P
1488 748 1659 791 Videtis
1676 748 1794 806 quod

304 832 401 859 cum
425 817 512 859 duo
535 816 680 867 electi,
711 833 897 875 quorum
918 817 1047 859 etiam
1067 834 1180 860 unus
1201 819 1336 860 habet
1355 821 1443 877 jus,
1474 819 1624 861 venire
1652 819 1795 862 solent

303 889 357 931 ad
383 888 563 938 curiam,
596 888 771 930 demum
796 897 896 946 post
924 889 1059 931 factas
1086 890 1138 931 ab
1167 890 1275 948 ipsis
1303 906 1482 950 magnas
1511 907 1723 949 expensas
1751 900 1795 934 et

300 976 481 1002 munera
505 968 698 1018 recepta,
725 960 951 1002 laboribus
979 969 1021 1002 et
1042 961 1252 1018 periculis
1281 962 1446 1003 viarum
1475 978 1523 1003 ac
1551 962 1671 1004 curie
1698 979 1794 1005 sus-

298 1032 449 1082 tentis,
480 1031 705 1073 inducitur
731 1040 917 1089 uterque
946 1039 988 1073 et
1016 1032 1251 1090 aliquando
1280 1033 1560 1091 compellitur
1587 1033 1696 1076 alter
1723 1050 1794 1076 re-

299 1103 509 1145 nunciare
529 1119 607 1144 suo
624 1103 729 1161 juri,
754 1111 896 1145 totum
916 1103 961 1144 in
977 1104 1179 1146 manibus
1196 1104 1363 1146 domini
1378 1121 1490 1163 pape
1512 1121 1678 1163 ponere
1700 1106 1718 1148 P
1740 1106 1794 1147 Et

300 1175 492 1234 qualiter
512 1190 625 1232 papa
646 1175 873 1216 consuevit
901 1175 974 1216 alii
1002 1175 1055 1216 de
1083 1175 1270 1218 ecclesia
1297 1176 1365 1218 vel
1393 1177 1660 1219 monasterio
1689 1193 1793 1235 pro-

299 1246 485 1289 videre?
512 1248 566 1288 Et
588 1246 777 1304 qualiter
801 1254 1059 1288 consuetum
1085 1255 1152 1289 est
1183 1247 1302 1305 quod
1325 1248 1385 1289 sic
1406 1248 1608 1306 provisus
1636 1248 1796 1290 serviat

299 1318 420 1360 curie
444 1318 497 1359 dc
519 1326 675 1377 magna
697 1318 926 1376 peccunia,
953 1318 1190 1376 aliquando
1212 1327 1404 1377 septem,
1421 1328 1537 1370 octo,
1555 1320 1622 1362 vel
1645 1319 1796 1362 decem

299 1389 476 1431 milibus
498 1389 639 1440 libris,
671 1390 752 1432 sub
781 1390 988 1449 gravibus
1015 1390 1161 1432 usuris
1183 1391 1406 1449 perceptis
1434 1392 1487 1433 ab
1508 1391 1596 1433 illis
1619 1391 1694 1449 qui
1720 1407 1796 1450 pu-

299 1461 414 1503 blice
443 1469 658 1503 vocantur
687 1477 800 1519 pape
832 1469 1115 1511 mercatores,
1152 1462 1226 1520 qui
1256 1462 1433 1520 publice
1469 1462 1677 1504 dicuntur
1703 1463 1796 1521 ejus

300 1533 535 1592 peccunias
553 1533 770 1591 recipere,
797 1549 1073 1583 conservare,
1099 1541 1142 1575 et
1162 1533 1419 1576 fenerare2?

349 1739 382 1770 1.
412 1735 554 1769 Contre
570 1735 603 1768 le
624 1735 838 1781 nepotisme
853 1735 898 1768 de
914 1735 1087 1769 Clement
1102 1735 1133 1769 V
1149 1747 1195 1768 en
1218 1735 1450 1780 particulier,
1468 1734 1615 1769 Dubois
1635 1735 1792 1781 dirigea,

301 1796 348 1817 au
368 1788 535 1817 moment
563 1784 612 1816 ou
633 1795 673 1817 ce
695 1795 791 1829 pape
815 1789 925 1829 parut
947 1783 1089 1816 hesiter
1113 1783 1133 1816 a
1154 1782 1359 1828 complaire
1381 1795 1451 1816 aux
1471 1795 1562 1816 vues
1585 1783 1635 1816 du
1661 1783 1720 1817 roi
1751 1783 1795 1817 de

302 1831 444 1865 France
484 1843 530 1864 au
571 1830 669 1875 sujet
699 1831 764 1864 des
795 1830 1019 1875 Templiers,
1055 1843 1105 1863 un
1139 1830 1332 1876 pamphlet
1363 1830 1526 1864 virulent
1556 1829 1724 1876 (Notices
1763 1836 1797 1864 et

300 1878 471 1918 extraits,
496 1878 567 1912 loc.
588 1879 664 1918 cit„
688 1885 730 1911 11⁰
751 1878 918 1922 XXVII).

349 1928 382 1961 2.
412 1926 625 1960 Guillaume
654 1927 687 1959 le
716 1926 848 1966 Maire,
873 1926 967 1959 dans
1001 1938 1070 1958 son
1101 1925 1280 1959 memoire
1314 1925 1356 1958 de
1380 1927 1483 1964 1312,
1509 1925 1678 1960 denonce
1709 1938 1796 1960 avec

302 1986 438 2008 encore
460 1973 545 2019 plus
569 1973 759 2019 d'energie
782 1974 836 2006 les
859 1973 953 2007 abus
977 1973 1021 2006 de
1043 1973 1077 2006 la
1100 1973 1258 2007 simonie
1281 1973 1450 2006 romaine
1472 1972 1555 2018 (loc.
1577 1973 1654 2014 cit.,
1673 1986 1711 2019 p.
1729 1974 1794 2009 481

303 2027 338 2055 et
361 2022 495 2063 suiv.):
515 2021 645 2062 «Quia
668 2021 775 2054 multi
799 2021 872 2055 vita
893 2026 929 2054 et
951 2020 1120 2054 moribus
1143 2020 1402 2060 detestabiles,
1422 2021 1467 2054 de
1483 2020 1645 2055 diversis
1667 2021 1797 2055 mundi

302 2068 476 2115 partibus
497 2069 543 2102 ad
564 2070 690 2102 sedem
712 2069 960 2113 apostolicam
983 2074 1266 2108 concurrentes,
1288 2074 1362 2101 tam
1386 2068 1424 2102 in
1447 2068 1566 2102 forma
1588 2081 1796 2114 pauperum

303 2129 413 2163 quam
435 2116 541 2156 alias,
566 2114 748 2149 beneficia
777 2128 859 2149 cum
882 2127 970 2149 cura
991 2116 1047 2149 vel
1081 2116 1162 2149 sine
1193 2128 1279 2150 cura
1303 2115 1440 2149 cotidie
1471 2116 1674 2161 impetrare
1704 2129 1796 2150 nos-

303 2171 452 2203 cuntur,
477 2163 635 2197 maxime
657 2163 693 2196 in
717 2163 823 2202 locis,
848 2163 885 2196 in
914 2162 1052 2209 quibus
1077 2164 1121 2196 de
1145 2163 1219 2197 vita
1238 2175 1368 2196 eorum
1396 2169 1432 2196 et
1458 2163 1629 2197 moribus
1657 2164 1795 2198 noticia

303 2224 379 2245 non
405 2211 576 2249 habetur,
602 2216 637 2244 et
661 2223 679 2244 a
705 2210 874 2255 prelatis,
903 2217 1080 2256 tanquam
1107 2210 1196 2244 filiis
1227 2210 1461 2250 obediencie,
1490 2212 1665 2245 mandato
1693 2211 1796 2245 sedis

303 2259 511 2305 apostolice
534 2257 898 2303 obtemperantibus,
914 2264 1132 2291 reverenter
1152 2258 1315 2291 instituti
1331 2258 1388 2291 vel
1411 2258 1580 2298 admissi,
1602 2259 1652 2292 ita
1676 2259 1796 2292 detes-

303 2306 456 2340 tabilem
482 2312 517 2339 et
540 2306 742 2339 deformem
764 2306 875 2338 vitam
899 2305 1052 2342 ducunt,
1071 2306 1170 2350 quod
1193 2305 1242 2339 ob
1265 2306 1333 2338 hoc
1353 2306 1510 2339 ecclesie
1533 2307 1792 2343 destruuntur.

304 2354 435 2399 populi
458 2354 772 2392 scandalizantur,
797 2353 864 2386 Dei
888 2353 1055 2386 Ecclesia
1078 2352 1363 2398 blasphematur
1369 2379 1439 2386 .....

350 2402 398 2435 Ut
417 2413 499 2434 cum
515 2401 728 2434 reverencia
746 2406 873 2433 sancte
889 2400 1055 2433 Romane
1078 2400 1235 2433 ecclesie
1252 2406 1287 2433 et
1304 2400 1404 2433 sedis
1421 2400 1629 2445 apostolice
1646 2400 1791 2446 loquar,

303 2449 417 2482 multe
439 2449 597 2482 ecclesie
625 2449 662 2481 in
685 2448 846 2481 diversis
869 2447 997 2480 mundi
1021 2447 1191 2492 partibus
1215 2448 1326 2481 hodie
1358 2448 1523 2492 graviter
1554 2448 1790 2486 desolantur,

303 2502 459 2541 propter
482 2496 550 2529 hoc
572 2496 672 2541 quod
698 2495 901 2540 dignitates
924 2501 960 2528 et
982 2501 1207 2540 personatus
1229 2501 1264 2528 et
1284 2507 1412 2528 earum
1441 2496 1561 2528 officia
1583 2507 1600 2527 a
1625 2506 1792 2528 commo-

304 2542 476 2577 rantibus
510 2544 547 2576 in
583 2544 748 2576 Romana
783 2543 885 2576 curia
919 2542 1146 2581 detinentur,
1178 2542 1319 2576 ibidem
1354 2548 1536 2588 perpetuo
1565 2542 1792 2578 remansuri.

305 2592 403 2637 quia,
429 2591 515 2623 dum
537 2590 631 2624 inibi
653 2591 786 2623 iterum
815 2595 851 2623 et
871 2590 1020 2627 iterum,
1046 2595 1081 2622 et
1103 2590 1284 2635 quociens
1305 2596 1450 2629 vacant,
1474 2589 1558 2623 aliis
1587 2589 1795 2623 curialibus

305 2639 560 2672 conferentur.
583 2638 630 2671 Et
653 2638 684 2671 si
707 2638 854 2671 tandem
885 2637 1044 2670 ecclesie
1066 2636 1114 2670 ob
1138 2649 1288 2670 suarum
1311 2636 1524 2670 absenciam
1548 2649 1796 2681 personarum

306 2692 341 2719 et
363 2685 565 2719 carentiam
591 2686 846 2718 deffensorum
871 2684 1085 2730 pernicioso
1108 2684 1328 2718 exterminio
1359 2690 1394 2718 et
1422 2685 1529 2718 ruine
1556 2683 1796 2730 irreparabili

307 2733 568 2778 subjacebunt.
593 2733 704 2773 Quod
733 2732 874 2766 utinam
898 2732 1072 2765 dominus
1097 2744 1264 2765 summus
1288 2731 1458 2765 Pontifex
1491 2738 1526 2765 et
1556 2744 1662 2765 sacer
1692 2737 1796 2765 cetus

305 2781 564 2820 cardinalium,
596 2781 658 2826 qui
691 2785 778 2813 sunt
808 2779 982 2813 animalia
1013 2786 1177 2825 pennata
1209 2780 1318 2825 plena
1349 2779 1469 2813 oculis
1496 2785 1583 2812 ante
1612 2785 1648 2813 et
1678 2785 1792 2818 retro,

307 2829 509 2875 diligenter
530 2828 744 2875 aspicerent
765 2839 806 2861 ac
828 2827 1034 2862 novissima
1057 2825 1326 2875 providerent!
1357 2839 1375 2859 »
