1942 3242
378 217 439 251 DE
472 213 895 250 RECUPERATIONE
927 212 1092 246 TERRE
1125 211 1323 245 SANCTE.
1547 210 1587 243 93

97 326 182 370 que
209 309 299 351 suis
319 308 522 367 vigorose
543 306 753 355 defensis,
779 304 981 347 interiori
1001 311 1126 362 parte
1139 310 1413 361 prosperata,
1439 309 1588 343 sancte

97 381 408 440 religioseque,
436 378 606 420 favente
626 377 831 426 Domino,
855 375 995 418 valeat
1016 374 1271 434 gubernari,
1309 373 1515 431 quatinus
1535 372 1589 415 ad

95 461 331 510 utrumque
359 449 632 509 spiritualem
653 447 860 490 videlicet
886 455 929 489 et
954 445 1242 504 temporalem
1276 444 1469 504 gladium
1491 460 1587 502 per-

95 523 284 575 tinebit;
314 523 376 565 sic
399 523 559 565 Sancta
587 521 700 562 Loca
719 518 987 567 venerando,
1013 517 1159 559 divina
1181 517 1226 558 in
1255 516 1419 558 eisdem
1448 514 1589 557 officia

97 595 305 638 continue
342 593 490 635 taliter
525 589 771 633 exercendo
806 589 926 648 quod
959 589 1115 631 merito
1149 587 1314 646 placari
1353 587 1494 629 valeat
1527 587 1590 628 ira

97 666 237 709 nostri
257 663 584 722 Redemptoris,
611 662 686 720 qui
702 677 782 720 pro
802 660 984 703 humani
1005 660 1144 702 salute
1169 659 1346 718 generis
1368 675 1448 717 per
1469 674 1590 700 suam

98 737 365 781 ineffabilem
392 733 738 777 misericordiam
759 741 944 774 mortem
960 732 1019 774 ibi
1042 731 1191 774 subire
1211 730 1349 773 voluit
1374 738 1590 788 tempora-

97 809 199 852 lem.

157 883 315 935 [vall]
349 878 478 933 Quod
514 885 658 920 autem
693 876 948 918 reformatio
976 882 1114 916 status
1147 873 1406 916 universalis
1437 872 1590 915 Eccle-

99 953 161 995 sie
188 950 556 999 christicolarum,
606 947 750 1007 quoad
788 947 988 997 virtutes,
1026 946 1082 988 sit
1109 946 1383 988 neccessaria
1420 944 1474 987 ad
1506 945 1590 986 hoc

99 1023 219 1082 quod
244 1029 419 1064 cessent
456 1020 611 1079 prelia,
650 1028 693 1061 et
732 1018 850 1077 quod
883 1020 1018 1060 Terra
1058 1019 1217 1060 Sancta
1249 1033 1271 1059 a
1306 1016 1587 1066 christicolis,

99 1111 197 1138 cum
218 1111 295 1137 sua
322 1109 451 1152 quam
474 1092 702 1150 Scripture
722 1097 940 1132 testantur
962 1089 1196 1131 dulcedine
1218 1089 1441 1130 habitetur
1463 1096 1505 1130 et
1520 1088 1591 1129 ha-

99 1165 279 1208 bitanda
300 1171 602 1222 recuperetur,
627 1163 767 1220 liquet
787 1170 830 1203 et
853 1161 1033 1220 probari
1046 1168 1191 1219 potest
1210 1176 1430 1202 sacrarum
1447 1159 1592 1217 Scrip—

99 1246 297 1280 turarum
331 1235 542 1294 exemplis
576 1242 618 1276 et
648 1232 1066 1276 inconvincibilibus
1106 1230 1370 1274 rationibus.
1411 1232 1520 1274 Nam
1557 1230 1593 1272 si

100 1317 329 1368 peccatum
370 1307 498 1349 unius
527 1306 720 1348 hominis
759 1320 887 1347 causa
922 1312 987 1346 est
1018 1303 1300 1353 infirmitatis,
1337 1311 1379 1344 et
1419 1302 1592 1344 demum

101 1396 181 1439 per
216 1379 494 1422 iterationem
536 1377 688 1419 mortis
737 1375 1068 1425 committentis,
1113 1374 1231 1432 quod
1261 1375 1475 1432 probatur
1513 1389 1594 1432 per

101 1441 283 1494 verbum
321 1450 514 1499 Domini,
554 1465 652 1491 cum
681 1448 740 1490 ait
786 1447 840 1489 ad
873 1446 1129 1506 languidum
1161 1462 1288 1504 quem
1324 1445 1589 1488 sanaverat¹:

112 1523 228 1566 Vade
260 1522 422 1569 etnolz'
455 1521 645 1580 amplius
675 1535 883 1578 peccare,
922 1534 975 1560 ne
1018 1519 1125 1577 qaid
1161 1519 1351 1559 deterius
1389 1518 1467 1559 tibi
1497 1533 1593 1558 con-

105 1598 270 1653 tingat;
311 1601 353 1635 et
396 1608 474 1651 per
515 1591 780 1634 decretalem
816 1590 920 1632 inde
952 1597 1184 1647 sumptam,
1231 1589 1383 1631 eadem
1426 1589 1595 1631 ratione

104 1673 333 1724 peccatum
355 1664 558 1714 civitatis,
585 1679 662 1705 seu
678 1664 890 1720 majorum
918 1663 1028 1719 ejuS‚
1054 1677 1181 1703 causa
1210 1669 1276 1703 est
1305 1660 1596 1702 dissensionis

105 1745 149 1779 et
175 1736 391 1779 bellorum
419 1751 467 1777 ac
494 1735 675 1786 mortis3
713 1733 864 1776 eadem
886 1733 1056 1775 ratione
1082 1733 1126 1774 in
1162 1733 1354 1791 peccatis
1382 1732 1594 1791 regionis,

105 1823 343 1867 regnorum
365 1815 407 1849 et
434 1806 735 1864 imperiorum.
766 1806 875 1848 Nam
898 1820 982 1862 que
1010 1812 1076 1846 est
1103 1804 1212 1845 ratio
1242 1804 1380 1862 partis
1414 1803 1467 1845 ad
1497 1819 1598 1861 par-

106 1887 210 1929 tem,
235 1878 387 1921 eadem
409 1886 475 1920 est
496 1878 632 1920 totius
661 1876 715 1919 ad
734 1884 903 1927 totum3
941 1884 984 1917 et
1016 1892 1038 1917 e
1061 1883 1228 1925 contra,
1263 1883 1305 1916 et
1331 1875 1407 1916 ubi
1447 1874 1599 1916 eadem

108 1951 235 2000 ratio,
258 1950 372 1992 idem
396 1951 468 2007 jus
489 1967 498 2001 ;
522 1949 599 1991 ubi
623 1948 774 1990 eadem
797 1963 941 1997 causa,
972 1946 1087 1989 idem
1115 1946 1313 1997 effectus,
1344 1954 1475 2004 prout
1501 1948 1600 2004 jura

110 2021 297 2064 clamant
318 2029 361 2063 et
389 2021 498 2062 ratio
526 2020 834 2078 philosophica
862 2018 1035 2078 arguit3
1072 2027 1115 2060 et
1142 2034 1238 2060 cum
1266 2018 1505 2076 Apostolus
1533 2017 1600 2060 di-

111 2092 231 2135 cat²:
284 2092 443 2135 Omnia
471 2106 723 2151 quecunque
757 2094 920 2148 scripta
966 2100 1081 2143 sunt,
1119 2091 1180 2131 ad
1210 2099 1406 2131 nostram
1439 2091 1601 2131 doetri-

110 2180 212 2206 nam
240 2167 405 2221 scripta
434 2172 545 2204 sunt.
591 2164 735 2216 Quare
756 2161 956 2204 videntes
980 2161 1268 2219 Scripturam,
1297 2162 1421 2218 cujus
1446 2160 1601 2202 modus

111 2234 278 2278 sciendi
308 2234 415 2276 fides
436 2242 516 2284 est,
548 2234 592 2276 in
614 2233 739 2275 libris
755 2233 1094 2276 Machabeorum
1118 2233 1416 2274 continentem
1438 2232 1481 2274 in
1502 2248 1602 2290 sep-

111 2306 308 2365 tuaginta
324 2305 449 2348 annis
469 2313 534 2347 tot
556 2305 682 2355 mala,
712 2312 778 2346 tot
798 2312 977 2354 mortes,
1008 2312 1073 2346 tot
1101 2303 1291 2353 dolores,
1317 2304 1446 2345 etiam
1474 2303 1602 2345 bo'nis

111 2386 294 2437 propter
311 2384 488 2435 peccata
511 2376 723 2418 malorum
746 2375 962 2426 evenisse,
995 2374 1215 2433 quomodo
1243 2391 1436 2417 summus
1458 2391 1602 2417 sacer-

113 2449 279 2499 dotum,
303 2449 511 2507 princeps
533 2447 730 2489 Ecclesie
757 2448 908 2497 totius,
940 2446 1061 2489 Petri
1082 2446 1225 2488 locum
1253 2454 1425 2496 tenens,
1456 2446 1603 2488 Domi-

110 2521 154 2562 ni
182 2521 314 2563 Jhesu
338 2519 502 2561 Christi
536 2518 723 2560 vicarius
754 2518 798 2560 in
825 2519 972 2568 terris,
1016 2518 1209 2560 omnium
1251 2517 1602 2560 christicolarum

113 2606 260 2633 curam
282 2599 324 2633 et
345 2590 528 2633 salutem
557 2588 762 2631 ardenter
790 2589 959 2638 sitiens,
991 2589 1212 2630 estimabit
1249 2604 1327 2646 per
1347 2596 1603 2646 peccatores

164 2770 198 2803 1.
226 2767 328 2808 Joh.‚
352 2769 397 2809 V,
420 2770 477 2803 14.

166 2818 199 2850 2.
229 2816 351 2855 Rom.,
375 2816 454 2855 XV,
479 2817 513 2851 4.

1614 881 1758 909 Nonvelles
1779 891 1859 918 preu-

1646 927 1693 945 ves
1713 918 1746 945 de
1766 918 1791 944 la
1815 921 1862 945 ne-

1648 954 1745 981 cessit&
1784 954 1863 981 d'une

1647 990 1799 1027 reformo
1822 990 1861 1017 de

1647 1026 1756 1061 l‘liglise
1776 1031 1803 1052 et
1828 1026 1861 1052 de

1647 1062 1672 1088 la
1683 1062 1743 1097 paix
1753 1062 1862 1088 univer-

1648 1098 1723 1130 selle.
1745 1112 1779 1116 -—
1795 1099 1861 1125 Con-

1647 1134 1759 1160 clusion.
