1942 3242
389 223 429 256 94
931 221 1114 255 PIERRE
1144 222 1334 257 DUBOIS.

389 312 643 371 recuperari
663 320 706 354 et
725 313 916 354 habitari
942 328 1072 371 posse
1099 315 1279 356 Terram
1299 315 1519 366 Sanctam,
1543 330 1641 357 cum
1662 317 1718 359 sit
1745 317 1879 375 scrip-

387 393 480 426 tum
515 400 595 442 per
628 384 894 442 Prophetam
923 401 931 425 :
975 385 1094 426 Loca
1130 401 1216 426 non
1249 386 1527 442 sanctificant
1558 386 1767 442 homines,
1804 390 1882 431 sed

389 455 583 498 homines
610 455 891 512 sanctificant
914 455 1023 497 loca.

447 528 603 570 Nonne
618 527 773 569 videns
801 526 920 585 quod
952 527 1182 585 Scripture
1224 529 1400 578 Sancte,
1441 528 1557 571 bella
1589 528 1875 582 detestantes,

388 607 431 641 et
452 598 753 656 predicatores
798 598 882 640 hoc
914 598 1092 656 publice
1130 598 1384 650 clamantes,
1422 615 1510 642 non
1545 599 1766 644 sufficiunt
1797 618 1879 644 nec

389 669 673 719 suffecerunt,
697 669 972 728 temporibus
988 670 1234 721 retroactis,
1259 679 1317 720 et,
1342 670 1446 713 licet
1463 670 1719 714 suffecerint
1738 673 1783 715 in
1805 673 1878 715 ali·

389 741 550 799 quibus
569 741 678 783 locis
705 748 748 782 et
785 741 1076 799 temporibus,
1106 749 1251 783 tamen
1291 742 1335 787 in
1364 742 1640 800 paucissimis
1673 752 1878 802 respectu

388 812 537 866 mondi
562 813 705 854 tocius
751 812 791 854 ei
825 812 1049 870 subjecti?
1093 814 1248 855 Nonne
1294 813 1632 859 innumerabilia
1668 815 1879 858 transacti

386 884 599 942 temporis
626 884 680 925 ab
708 883 879 942 origine
915 883 1065 926 mondi
1094 884 1292 942 exempla
1320 893 1362 926 et
1393 885 1692 943 experimenta
1728 895 1878 929 osten-

388 955 498 997 dunt
531 964 574 997 et
606 955 797 1013 probant
849 954 1069 996 defectum
1102 956 1368 1013 provisionis
1410 965 1452 998 et
1498 957 1789 1000 ordinationis
1832 959 1879 1001 in

387 1043 556 1069 summo
576 1027 719 1084 capite
746 1034 811 1067 tot
844 1026 1157 1076 membrorum,
1189 1027 1308 1085 quod
1335 1027 1463 1077 absit,
1498 1028 1583 1070 nisi
1610 1028 1720 1086 ipse,
1751 1045 1878 1072 occa-

387 1099 510 1141 sione
535 1107 624 1140 tam
647 1097 838 1139 colorate
866 1097 950 1139 sibi
980 1097 1094 1150 data,
1113 1114 1192 1156 per
1207 1098 1382 1141 modum
1404 1099 1700 1157 prescriptum
1720 1101 1878 1159 imper·

386 1170 498 1212 fecte
525 1178 705 1219 tactum,
730 1185 810 1227 per
837 1169 981 1227 ipsum
1014 1169 1348 1227 perficiendum,
1386 1179 1459 1212 aut
1491 1171 1623 1212 alium
1651 1172 1878 1214 meliorem

387 1242 529 1284 eidem
557 1233 767 1283 divinitus
789 1240 1128 1291 infundendum,
1161 1249 1315 1299 querat
1355 1250 1397 1283 et
1437 1250 1612 1293 statuat,
1645 1252 1777 1301 prout
1803 1243 1878 1286 fir-

385 1314 497 1355 mius
518 1313 697 1371 poterit,
727 1311 1084 1354 reformationem
1106 1321 1148 1354 et
1175 1329 1326 1371 pacem
1341 1313 1595 1371 perfectam,
1620 1323 1877 1373 perpetuam

386 1401 433 1427 ac
455 1384 656 1427 stabilem
685 1391 823 1425 status
851 1383 1110 1426 universalis
1145 1384 1342 1426 Ecclesie
1371 1386 1604 1443 tociusque
1631 1386 1877 1444 reipublice

385 1455 752 1506 christicolarum,
785 1455 869 1496 sibi
889 1463 1108 1513 tamquam
1131 1471 1299 1497 summo
1326 1456 1439 1514 patri
1469 1457 1783 1514 subjectorum.

427 1602 620 1653 [LXVIII]
652 1598 766 1643 109.
805 1597 935 1651 Quod
962 1605 1105 1640 autem
1131 1598 1203 1639 hic
1231 1614 1424 1640 summus
1453 1598 1674 1649 sacerdos,
1699 1607 1875 1642 curatus

383 1671 593 1721 omnium,
629 1677 832 1712 teneatur
859 1669 973 1711 inter
1001 1685 1152 1711 omnes
1173 1669 1286 1711 filios
1314 1670 1434 1727 pacis
1461 1669 1656 1728 perfecte
1682 1670 1870 1720 vincula,

384 1758 646 1801 quecunque
673 1741 845 1799 poterit
885 1739 1099 1791 stabilire,
1155 1740 1365 1799 colligere
1417 1749 1459 1782 et
1487 1741 1795 1799 multiplicare,
1828 1750 1874 1783 ut

382 1830 466 1872 pax
493 1821 701 1872 sequatur
722 1811 942 1872 generalis
976 1820 1019 1854 et
1040 1820 1269 1870 perpetua,
1300 1820 1446 1870 potest
1473 1812 1873 1854 inconvincibiliter

321 1886 323 1888 ’
383 1901 471 1927 non
493 1885 634 1927 solum
661 1884 840 1942 probari
873 1883 1140 1942 theologice,
1181 1883 1259 1925 sed
1299 1884 1428 1925 etiam
1455 1883 1762 1941 philosophice
1808 1884 1873 1926 lo-

383 1956 561 2015 quendo
584 1955 892 1997 demonstrari.
925 1955 1036 2009 Quia
1057 1971 1207 1996 verum
1242 1963 1308 1996 est
1335 1954 1454 2012 quod
1481 1955 1750 2013 philosophi,
1782 1955 1873 1996 sola

382 2029 480 2086 lege
516 2027 704 2069 naturali
741 2033 930 2076 utentes,
971 2025 1114 2084 legem
1150 2042 1395 2084 mosaycam
1442 2026 1730 2084 spiritualiter
1772 2025 1873 2067 filiis

382 2099 516 2142 Israel
559 2099 703 2140 datam
751 2097 814 2139 eis
872 2097 1159 2148 dimittentes,
1220 2097 1523 2139 ratiocinando
1580 2097 1869 2148 neccessario,

383 2171 512 2213 finem
555 2178 771 2228 ponentes
804 2169 849 2211 in
883 2168 1025 2210 causis
1060 2177 1102 2210 et
1129 2169 1316 2210 causatis
1347 2169 1622 2210 moventibus
1649 2176 1692 2210 et
1725 2169 1870 2218 motis,

383 2241 747 2301 irrefragabiliter
769 2239 1081 2282 concluserunt
1108 2255 1242 2282 unum
1265 2239 1357 2282 fore
1384 2241 1573 2298 primum
1605 2239 1872 2298 principium

383 2307 559 2355 mo'vens
582 2312 742 2362 omnia,
763 2328 785 2353 a
811 2311 933 2353 nullo
961 2319 1125 2352 motum
1142 2311 1336 2352 omnium
1357 2319 1502 2353 tamen
1523 2327 1610 2353 non
1633 2318 1869 2360 causatum,

383 2385 522 2427 solum
551 2400 629 2442 per
666 2399 711 2425 se
739 2391 781 2424 et
809 2382 862 2424 de
891 2398 936 2424 se
968 2398 1061 2431 ens,
1093 2391 1136 2424 et
1161 2383 1352 2433 bonum;
1394 2399 1472 2440 per
1507 2382 1716 2424 bonitatis
1750 2383 1872 2439 cujus

381 2455 763 2514 participationem
791 2461 834 2495 et
860 2469 948 2495 non
977 2453 1096 2503 alias,
1116 2453 1259 2495 omnia
1282 2461 1455 2496 causata
1471 2453 1689 2511 recipiunt
1710 2460 1752 2494 et
1772 2467 1873 2510 par-

380 2527 567 2585 ticipant
606 2526 876 2576 bonitatem3
914 2525 958 2566 in
993 2540 1079 2582 quo
1116 2533 1182 2566 est
1208 2525 1369 2566 veritas
1396 2533 1438 2566 et
1471 2525 1645 2566 bonitas
1679 2523 1872 2565 omnium

382 2614 528 2640 rerum
556 2613 634 2656 per
657 2596 915 2646 essenciam,
941 2603 983 2637 et
1010 2595 1126 2637 idem
1154 2595 1208 2637 de
1231 2596 1435 2637 omnibus
1450 2595 1684 2638 virtutibus
1706 2594 1751 2636 in
1778 2594 1872 2636 abs-

381 2669 598 2712 tractione
636 2667 904 2726 designatis;
949 2666 1068 2725 quod
1102 2667 1370 2724 principium
1410 2675 1453 2708 et
1486 2670 1658 2708 causam
1688 2665 1871 2723 primam

384 2742 524 2783 Deum
540 2739 810 2798 appellamus
832 2757 841 2790 3
873 2738 927 2780 de
951 2754 1037 2796 quo
1065 2737 1251 2796 loquens
1285 2737 1581 2796 Philosophus
1609 2737 1724 2779 circa
1748 2736 1871 2794 prin-

383 2813 544 2870 cipium
567 2811 667 2852 libri
688 2810 1017 2852 Metheororum
1046 2809 1120 2859 ait,
1147 2825 1319 2851 causam
1341 2809 1531 2851 reddens
1553 2809 1661 2850 situs
1679 2808 1870 2850 elemen-
