1942 3242
323 225 362 260 30
869 226 1054 259 PIERRE
1085 227 1277 260 DUBOIS.

323 332 402 375 per
443 316 755 375 imperatorem
786 325 1017 374 promot03
1056 325 1100 359 et
1135 317 1252 360 idem
1289 318 1650 377 archiepiscopus
1689 321 1813 378 cujus

322 388 529 430 electioni
550 397 665 430 stare
693 397 914 446 opportet,
945 405 1158 447 ponamus
1181 389 1435 447 quicunque
1457 399 1668 448 sequatur
1687 407 1812 433 even-

320 468 407 510 tus,
438 459 724 502 considerans
745 459 901 502 ducem
928 459 1033 502 belli
1056 460 1242 502 multum
1270 460 1514 511 ditandum,
1545 461 1730 521 eligeret
1756 463 1812 505 ob

320 531 404 573 hoc
416 533 637 589 juvenem,
655 531 885 590 sanguiue,
910 531 1111 582 servicio,
1127 531 1194 574 vel
1214 532 1390 575 natione
1407 532 1492 574 sibi
1509 534 1809 590 conjunctum,

320 603 481 645 omisso
503 603 677 645 seniore
704 611 902 660 experto,
928 603 973 645 in
998 603 1160 645 talibus
1182 603 1443 654 assuefacto,
1475 604 1545 646 cui
1571 620 1660 646 non
1686 612 1811 646 tene-

319 682 440 716 retur
471 674 860 732 archiepiscopus3
894 690 1042 716 nonne
1076 675 1139 716 sic
1174 675 1359 734 eligenS,
1394 675 1673 733 inexpertum
1708 692 1810 734 pre-

318 745 464 788 ferens
501 754 698 804 expertO,
736 746 989 804 imperitum
1027 746 1187 804 perite,
1231 747 1285 789 ab
1325 747 1529 789 omnibus
1567 747 1810 805 vittupera-

319 826 441 859 retur
456 816 467 838 ¹
487 818 504 859 Ρ

375 889 531 932 Nonne
549 889 767 939 Christus,
791 896 915 947 pater
937 889 1195 939 animarum,
1225 888 1480 932 desiderans
1502 906 1574 932 eas
1596 905 1748 932 omnes
1763 890 1808 932 in

315 960 432 1002 bello
465 960 640 1002 vincere
675 968 827 1003 contra
866 960 1048 1010 Sathan‚
1090 960 1330 1003 electiones
1365 961 1525 1003 ducum
1554 961 1808 1019 hujusmodi

314 1031 532 1074 bellorum
567 1040 655 1074 tam
699 1031 1054 1090 periculosorum
1101 1032 1318 1074 commisit
1361 1032 1531 1090 prelato
1569 1033 1803 1091 superiori,

312 1103 475 1145 vicario
497 1119 576 1145 suo
603 1103 648 1145 in
669 1102 990 1161 plenitudinem
1006 1104 1237 1161 potestatis
1259 1112 1498 1162 assumpto,
1523 1112 1566 1146 et
1587 1104 1683 1146 aliis
1703 1119 1806 1162 pre-

313 1175 412 1217 latis
434 1175 478 1217 in
494 1183 663 1233 partem
686 1174 997 1217 sollicitudinis
1021 1175 1202 1225 vocatis,
1228 1175 1408 1217 cuilibet
1423 1175 1468 1217 in
1490 1191 1567 1218 sua
1594 1175 1807 1234 dyocesi?

315 1248 361 1289 Si
384 1247 456 1288 isti
482 1246 641 1305 prelati
667 1242 849 1304 propte'r
877 1246 1105 1288 commoda
1132 1246 1390 1304 temporalia
1420 1247 1563 1288 minus
1585 1247 1698 1289 bene
1726 1247 1805 1289 eli-

311 1327 431 1378 gant,
472 1319 509 1360 si
535 1320 603 1376 jus
633 1318 870 1360 habentem
905 1318 949 1359 in
989 1317 1205 1359 electione
1239 1318 1455 1376 repellant
1481 1326 1528 1360 ut
1556 1318 1644 1368 alii,
1675 1334 1805 1376 quem

311 1389 410 1448 plus
438 1390 630 1448 diligunt
649 1389 716 1431 vel
738 1405 761 1431 a
789 1405 875 1447 quo
903 1405 1084 1431 munera
1105 1397 1352 1447 expectant,
1383 1389 1660 1447 provideant,
1685 1389 1722 1431 si
1750 1389 1804 1431 de

311 1461 566 1503 melioribus
602 1461 822 1519 personis,
862 1460 966 1502 alias
1000 1460 1266 1519 preferendo
1318 1477 1425 1518 quas
1462 1469 1618 1519 putant
1661 1461 1804 1504 minus

308 1533 517 1591 ydoneas,
543 1532 741 1574 ecclesiis
768 1548 856 1574 non
884 1531 1158 1590 provideant,
1190 1548 1496 1590 quamcunque
1529 1531 1804 1574 affectionem

309 1604 435 1647 aliam
475 1605 528 1646 ab
556 1604 797 1646 animarum
832 1603 970 1645 salute
1005 1612 1258 1661 querentes,
1295 1619 1440 1645 nonne
1468 1603 1687 1654 Christus,
1729 1604 1803 1661 qui

306 1684 475 1718 tantum
498 1675 651 1717 ditavit
677 1675 886 1733 prelatos,
918 1674 1036 1733 quod
1057 1675 1143 1733 ipsi
1163 1682 1345 1732 propter
1372 1675 1601 1732 penuriam
1630 1683 1802 1732 tempo-

308 1747 462 1789 ralium
479 1763 524 1789 se
542 1763 630 1789 non
649 1754 836 1804 possunt
853 1762 1076 1796 excusare,
1101 1762 1182 1788 nec
1204 1746 1445 1788 secundum
1465 1746 1583 1803 vulgi
1604 1746 1801 1804 oppinio-

308 1835 407 1861 nem
422 1819 714 1861 tolerabiliter
730 1817 894 1860 moveri
910 1817 963 1859 ad
981 1817 1041 1859 sic
1060 1817 1330 1876 eligendum,
1350 1833 1371 1859 a
1394 1818 1571 1859 Christo
1592 1825 1802 1875 poterunt

307 1891 708 1933 inconvincibiliter
729 1890 935 1949 redargui
957 1889 1011 1931 de
1039 1889 1221 1932 crimine
1246 1889 1336 1931 lese
1362 1888 1507 1931 divine
1530 1889 1803 1947 majestatis?

307 1963 420 2005 sicut
442 1962 584 2004 dictus
606 1962 982 2020 archiepiscopus,
1013 1960 1101 2003 dux
1126 1961 1193 2003 vel
1216 1976 1360 2003 comes
1390 1960 1592 2002 similiter
1618 1960 1797 2010 ditatus,

308 2035 377 2076 cui
405 2034 635 2076 commissa
663 2033 818 2075 fuisset
834 2032 957 2075 ducis
980 2032 1153 2083 electio,
1174 2032 1228 2074 de
1250 2032 1433 2074 crimine
1449 2032 1538 2074 lese
1561 2031 1801 2090 majestatis

306 2107 510 2156 humane,
554 2105 664 2147 duce
701 2104 807 2146 belli
840 2121 919 2162 per
953 2120 1077 2146 suum
1119 2104 1417 2146 inordinatum
1454 2113 1496 2146 et
1523 2104 1800 2162 inexpertum

308 2177 484 2219 modum
512 2177 752 2219 exercitum
779 2175 1014 2217 ordinandi
1035 2184 1078 2217 et
1104 2175 1305 2234 regendi,
1330 2175 1539 2217 devicto?

39 2332 139 2358 netour
177 2339 224 2358 aur
260 2330 285 2358 la
366 2319 449 2365 37.
485 2321 641 2363 Nonne
676 2335 754 2377 per
793 2317 1018 2376 predictos
1052 2317 1206 2360 modos
1239 2317 1411 2359 vivendi
1450 2316 1719 2375 prelatorum
1753 2324 1795 2358 et

73 2367 286 2430 i’eeffiiiffidnne
306 2390 613 2449 religiosorum
659 2390 855 2448 aliosque
907 2388 1120 2431 deffectus
1174 2397 1216 2431 et
1268 2404 1472 2430 excessus
1531 2404 1696 2438 eorum,
1751 2387 1794 2430 in

306 2462 490 2505 ecclesia
516 2462 599 2504 Dei
625 2470 807 2519 totoque
834 2460 999 2518 populo
1027 2460 1267 2502 christiano
1289 2459 1493 2502 scandala
1520 2459 1668 2518 gravia
1697 2467 1798 2500 sunt

305 2542 469 2584 exorta,
501 2532 555 2574 de
582 2533 742 2590 quibus
779 2532 965 2590 loquens
987 2531 1226 2589 Apostolus
1259 2531 1427 2590 inquit²
1455 2548 1462 2572 :
1507 2531 1557 2573 Si
1577 2531 1796 2572 scandali-

354 2690 386 2722 1.
415 2687 542 2733 Voyez
567 2699 617 2720 un
645 2687 832 2732 apologue
866 2698 1030 2732 presque
1061 2686 1253 2731 identique
1288 2685 1382 2719 dans
1419 2684 1452 2718 le
1485 2685 1536 2717 De
1560 2684 1663 2727 facto
1693 2682 1795 2715 Tem-

333 2734 513 2770 lariorum
553 2735 599 2768 de
636 2734 782 2767 Dubois
820 2734 883 2779 (en
921 2733 1097 2778 francais,
1135 2733 1285 2767 Notices
1322 2737 1356 2766 ct
1386 2731 1558 2770 extraits‚
1603 2730 1675 2763 loc.
1715 2729 1792 2769 cit.,

305 2791 347 2816 n⁰
368 2783 519 2822 XXVII,
544 2795 581 2828 p.
605 2782 702 2826 176).

352 2832 385 2864 2.
415 2830 521 2870 Cor.‚
547 2830 575 2869 I,
599 2829 702 2869 VIII,
727 2830 782 2863 13.
