1942 3242
406 198 465 230 DE
495 195 892 230 RECUPERATIONE
921 195 1083 228 TERRE
1113 194 1313 226 SANCTE.
1569 193 1608 226 53

119 290 285 350 plures,
316 289 392 348 qui
413 287 647 347 peritiores
675 286 729 328 de
750 285 825 329 illa
843 293 977 336 terra,
1001 283 1284 342 disputando,
1317 282 1605 333 consulendo,

121 360 407 410 conferendo,
452 357 495 402 et
531 358 672 401 modis
713 358 917 400 omnibus
954 363 1215 415 superarent
1234 373 1243 408 ;
1286 363 1333 397 ut
1368 370 1457 396 non
1494 363 1609 396 esset

121 433 196 492 qui
222 440 373 492 posset
399 430 620 490 sapiencie
647 445 826 471 romane
848 427 1032 470 ecclesie
1054 427 1276 470 resistere.
1298 425 1367 468 Ab
1381 426 1609 468 utentibus

120 505 290 549 ratione
317 502 698 547 commendaretur
717 509 762 544 et
779 501 1010 542 timeretur
1028 499 1074 541 in
1094 499 1293 558 partibus
1321 497 1609 540 orientalibus

121 578 418 620 Romanorum
441 573 678 633 sapiencia,
709 572 822 615 sicut
841 571 996 631 regina
1010 571 1186 614 Austrie
1205 568 1526 612 commendavit
1546 585 1607 612 sa-

119 648 337 708 pienciam
359 645 622 690 Salomonis.

179 795 267 848 [XL]
293 791 378 837 63.
414 791 498 834 Per
524 788 780 847 hujusmodi
806 786 1052 841 studiorum
1079 786 1392 845 provisionem,
1417 786 1610 828 instruc-

118 873 263 907 torum
283 863 513 920 utriusque
535 877 663 919 sexus
684 859 738 902 ad
758 867 906 918 partes
939 858 1176 900 orientales
1211 857 1606 906 transmissionem,

121 936 402 995 contingeret
420 933 549 975 nobis
570 930 920 974 occidentalibus
943 929 1257 972 communicari
1277 945 1346 971 res
1367 929 1607 987 preciosas,

121 1009 167 1050 in
194 1006 394 1066 partibus
420 1005 508 1047 illis
529 1003 853 1053 habundantes,
884 1002 1013 1044 nobis
1041 1001 1296 1044 deficientes
1324 1009 1367 1043 et
1394 1001 1512 1060 apud
1531 1016 1611 1043 nos

122 1079 384 1128 carissimas,
426 1076 531 1119 satis
566 1091 649 1134 pro
687 1074 860 1116 modico
899 1074 1027 1116 nobis
1074 1073 1402 1123 communicari,
1451 1072 1613 1114 mondo

122 1149 441 1194 catholicorum
469 1147 688 1190 ordinato.
712 1148 986 1204 Quecunque
1027 1144 1245 1203 siquidem
1275 1161 1344 1186 res
1367 1143 1533 1195 mondi,
1566 1144 1614 1186 li-

121 1230 190 1265 cet
215 1220 360 1280 quoad
387 1237 468 1263 nos
497 1235 597 1262 raro
617 1218 911 1268 inveniantur,
939 1218 1140 1276 preciose
1162 1225 1205 1259 et
1220 1233 1318 1259 care
1334 1224 1611 1274 reputantur,

120 1294 166 1336 in
193 1293 415 1351 aliquibus
446 1291 556 1334 locis
582 1290 767 1332 multum
799 1289 1060 1331 habundant
1091 1297 1135 1331 et
1171 1288 1279 1331 viles
1311 1288 1357 1330 in
1389 1288 1452 1330 eis
1482 1304 1615 1346 repu-

120 1373 284 1407 tantur.

183 1435 231 1480 Si
251 1444 463 1494 queratur
484 1435 616 1493 hujus
638 1434 702 1476 rei
730 1449 873 1483 causa,
898 1431 1161 1490 responderi
1190 1439 1338 1490 potest
1377 1431 1490 1474 sicut
1522 1446 1616 1473 res-

122 1507 289 1566 pondet
316 1506 631 1565 Philosophus,
663 1505 716 1547 de
741 1520 869 1546 causa
891 1503 1140 1546 situationis
1167 1512 1355 1562 quatuor
1376 1503 1616 1545 elemento—

123 1595 219 1621 rum
251 1578 371 1637 quod
391 1593 413 1620 :·
438 1582 500 1621 ita
528 1593 598 1620 res
623 1593 730 1619 suas
767 1577 980 1635 disposuit
1012 1578 1056 1617 in
1092 1575 1171 1617 hoc
1204 1576 1376 1625 mondo,
1409 1591 1495 1616 non
1527 1578 1618 1616 sine

123 1667 277 1705 causa,
306 1652 422 1692 Deus
437 1650 669 1708 gloriosus
685 1658 726 1691 et
750 1648 963 1700 sublimis,
993 1652 1068 1706 qui
1093 1650 1237 1689 omnia
1259 1653 1303 1688 in
1325 1647 1483 1688 mondo
1513 1647 1617 1704 infe-

122 1726 231 1766 riori
248 1724 481 1765 existentia
502 1722 609 1780 fecit
626 1729 813 1779 propter
839 1719 1051 1761 hominem
1074 1728 1115 1761 et
1134 1718 1274 1761 nichil
1292 1720 1469 1777 frustra
1503 1718 1617 1759 ordi-

122 1797 257 1839 navit.

183 1865 232 1909 Si
251 1865 368 1907 enim
388 1865 519 1906 homo
540 1864 584 1906 in
611 1864 695 1906 hoc
713 1862 877 1905 mundo
911 1862 1058 1904 omnia
1085 1861 1333 1904 desiderata
1362 1877 1442 1920 per
1473 1861 1617 1920 ipsum

122 1937 306 1979 haberet
323 1952 404 1994 pro
425 1935 552 1978 libito
572 1934 810 1977 voluntatis
829 1932 1115 1992 superbiendi
1136 1933 1524 1991 desiderandique,
1545 1933 1617 1974 hic

123 2007 308 2050 inferius
334 2022 508 2065 semper
528 2022 720 2056 manere,
758 2021 846 2048 non
879 2005 933 2048 ad
954 2005 1227 2063 superiorem
1249 2004 1434 2063 patriam
1456 2020 1616 2046 convo-

125 2079 245 2121 landi
272 2078 539 2121 desiderium
566 2078 765 2127 haberet,
796 2093 921 2118 suum
953 2077 1196 2135 appetitum
1227 2077 1269 2119 in
1296 2077 1428 2118 rebus
1455 2075 1617 2118 infimis

126 2150 331 2210 figend03
355 2158 398 2192 et
419 2150 482 2192 sic
508 2150 639 2191 homo
666 2164 755 2191 non
781 2157 898 2191 esset
919 2148 1148 2191 ordinatus
1177 2149 1278 2207 quia
1313 2164 1359 2190 se
1387 2163 1473 2190 non
1502 2147 1616 2189 ordi·

126 2230 252 2264 naret
301 2221 356 2263 ad
405 2237 530 2263 suum
565 2221 833 2264 Creatorem.
876 2221 1031 2263 Nonne
1075 2220 1188 2262 bene
1240 2219 1349 2262 dixit
1399 2219 1579 2261 Boetius
1604 2235 1612 2260 :

127 2294 276 2336 Solum
310 2293 422 2335 illud
448 2302 511 2334 est
546 2302 587 2334 et
617 2292 738 2334 debet
763 2295 969 2350 reputari
992 2308 1084 2334 esse
1110 2295 1154 2334 in
1180 2292 1334 2333 mondo
1362 2292 1480 2350 quod
1504 2300 1618 2333 tenet

129 2367 322 2408 ordinem
362 2374 592 2423 servatque
619 2374 845 2406 natur-am.
883 2363 1054 2405 Idcirco
1097 2363 1206 2405 dixit
1243 2363 1362 2421 quod
1400 2362 1502 2404 mali
1541 2363 1614 2404 ho-

128 2437 268 2479 mines
295 2451 383 2478 non
406 2444 508 2477 sunt
534 2443 578 2477 et
612 2434 731 2494 quod
757 2443 986 2493 peccatum
1016 2434 1152 2477 nichil
1183 2443 1270 2477 est:
1313 2451 1366 2477 ex
1402 2450 1487 2492 quo
1515 2450 1614 2476 con·

127 2507 332 2551 eludebat
362 2507 435 2549 ille
471 2506 841 2565 prudentissimus
867 2506 1000 2548 frater
1031 2507 1219 2549 Thomas
1251 2506 1304 2548 de
1334 2506 1526 2564 Aquino,
1568 2515 1616 2549 ut

129 2579 274 2622 audivi
307 2579 352 2620 in
391 2578 579 2637 quodam
615 2593 692 2619 suo
730 2593 947 2628 sermone,
985 2578 1071 2619 sic:
1110 2579 1362 2637 Quicunque
1388 2587 1612 2635 peccatum

124 2651 292 2709 faciens
317 2666 465 2693 servus
494 2659 558 2692 est
577 2653 778 2707 peccati;
807 2649 885 2691 sed
920 2652 1159 2708 quicunque
1193 2666 1342 2691 servus
1376 2652 1518 2691 minor
1554 2658 1617 2690 est

131 2737 261 2780 quam
288 2722 511 2775 dominus,-
532 2731 571 2763 et
591 2730 818 2779 peccatum
840 2720 952 2763 nihil
969 2730 1060 2774 est;
1080 2737 1182 2779 ergo
1203 2724 1447 2780 quicunque
1459 2736 1613 2778 pecca-

133 2802 201 2836 lor
240 2796 378 2836 minus
422 2802 485 2835 est
523 2809 649 2853 quam
684 2791 832 2834 nichil.
883 2791 956 2835 Sic
997 2800 1139 2835 autem
1174 2792 1469 2852 Philosophus
1515 2792 1610 2834 ait:

1631 796 1681 822 Ces
1703 793 1791 820 &coles
1814 792 1882 819 don-

1663 840 1680 857 u
1687 839 1702 856 e
1710 839 1723 856 r
1730 839 1745 856 ο
1754 839 1769 856 n
1778 835 1787 856 t
1816 838 1831 854 a
1839 838 1854 855 u
1864 838 1879 855 x

1667 866 1799 893 chretiens
1807 865 1886 891 l'em-

1667 903 1723 940 pire
1731 902 1765 929 du
1774 900 1880 928 monde.
