1942 3242
72 314 173 339 Retour
200 321 246 339 sur
272 312 320 339 1¹2⁵,-

104 357 122 374 v
133 357 148 374 e
158 357 176 374 n
186 353 222 375 tu
230 357 245 374 a
252 348 260 375 l
268 348 293 375 it
304 351 318 375 e

105 383 183 410 d'une
215 384 319 420 opposi-

103 420 159 447 tiou
175 423 190 446 ὸ
207 420 232 446 la
247 429 318 456 pro-

103 456 177 482 visio
199 456 244 492 qui
272 456 319 483 fait

104 491 194 527 l’objet
207 492 242 518 du
255 495 317 528 pre-

104 533 163 555 sent
178 528 316 555 memoix-e.

338 213 399 246 110
888 217 1070 251 PIERRE
1099 219 1293 253 DUBOIS.

339 303 610 355 nicarentur‚
641 320 795 347 omnes
823 308 1011 364 majores
1034 319 1078 350 et
1103 309 1275 351 nobiles
1311 311 1505 368 perjuria
1532 311 1827 363 incurrerent,

339 385 383 416 et
407 375 469 417 sic
490 375 669 418 infamia
696 388 971 429 notarentur,
997 389 1040 421 et
1054 380 1110 421 ob
1131 380 1214 422 hoc
1240 381 1448 424 caderent
1474 382 1518 424 in
1540 384 1828 441 opprobrium

340 447 676 505 sempiternum.
704 449 987 507 Conquestus
1009 451 1098 501 isti,
1123 463 1308 510 excepto
1342 465 1588 511 conquestu
1623 455 1829 512 patrimo-

339 517 401 559 nii
427 519 543 561 beati
565 520 701 570 Petri,
732 536 818 562 non
842 521 1178 578 publicarentur
1199 534 1299 566 ante
1318 516 1572 582 expeditum
1595 526 1828 585 negocium

338 591 473 632 Terre
519 592 695 642 Sancte,
739 591 1197 652 confirmarenturque
1235 595 1409 638 vincula
1452 597 1572 654 pacis
1614 608 1829 655 perpetue

336 662 619 720 generaliter,
644 663 771 721 quasi
792 664 938 706 subito
958 665 1139 723 ubique,
1164 677 1347 724 propter
1374 667 1576 709 ardorem
1598 679 1642 710 et
1661 668 1829 711 accele-

337 733 554 775 rationem
582 734 755 776 itineris
787 734 975 777 subsidii
1002 737 1137 778 Terre
1180 739 1354 780 Sancte.
1389 740 1513 781 Tunc
1539 739 1730 782 vinculis
1757 756 1828 798 pa-

337 805 398 846 cis
415 805 575 863 juratis
603 806 657 847 ab
684 806 891 849 omnibus
913 807 1207 865 principibus,
1232 809 1413 867 prelatis
1442 821 1485 851 et
1511 810 1751 862 nobilibus,
1786 822 1829 853 et

334 893 413 934 per
437 877 732 920 instrumenta
767 878 946 935 publica
973 878 1159 931 vallatis,
1193 880 1339 922 taliter
1375 881 1496 939 quod
1529 882 1719 940 ligarent
1754 882 1827 924 he-

335 948 462 990 redes
498 959 541 990 et
574 949 824 1008 obligarent
853 949 907 992 ad
937 949 1139 992 similiter
1158 951 1415 1009 jurandum.
1450 953 1504 994 Et
1530 953 1615 994 hiis
1644 952 1698 995 ad
1738 954 1828 995 the-

333 1036 512 1062 saurum
556 1020 741 1062 ecclesie
780 1037 960 1063 romane
993 1021 1191 1079 perlatis,
1222 1023 1445 1081 repositis,
1479 1032 1522 1065 et
1556 1024 1600 1066 in
1639 1025 1827 1084 registro

332 1091 512 1149 publico
549 1092 755 1142 redactis,
791 1092 1080 1151 inciperetur,
1124 1105 1181 1145 et,
1216 1094 1347 1137 dante
1384 1095 1593 1146 Domino,
1641 1095 1828 1139 feliciter

331 1163 620 1220 perficeretur
648 1163 870 1222 expeditio
892 1166 1026 1207 Terre
1050 1167 1226 1208 Sancte.

391 1237 516 1278 Tunc
539 1235 707 1277 domini
729 1252 841 1294 papa
869 1247 912 1278 et
939 1252 1015 1279 rex
1037 1249 1271 1279 monerent
1304 1254 1457 1281 omnes
1491 1239 1698 1282 subditos
1721 1255 1826 1282 con-

332 1318 517 1365 questus
553 1307 758 1365 predicti,
791 1308 874 1350 sub
910 1309 1039 1366 penis
1081 1310 1289 1351 omnibus
1330 1310 1492 1368 quibus
1531 1322 1730 1368 possent,
1773 1311 1826 1353 de

330 1378 580 1420 obediendo
603 1379 862 1437 justiciariis
890 1380 1141 1439 regalibus3
1176 1391 1224 1422 ut
1246 1381 1569 1429 inobedientes,
1599 1384 1826 1441 quampri-

330 1465 451 1492 mum
491 1450 587 1493 fieri
631 1461 798 1508 posset,
835 1451 1082 1493 secundum
1125 1463 1322 1494 tenorem
1369 1453 1634 1511 provisionis
1684 1454 1822 1512 pacis,

330 1521 472 1564 modis
515 1522 722 1564 omnibus
763 1522 908 1564 taliter
947 1522 1215 1580 punirentur
1262 1524 1382 1582 quod
1429 1541 1540 1582 pena
1581 1541 1823 1583 paucorum

330 1592 481 1635 multis
504 1593 682 1635 cederet
703 1593 757 1635 ad
778 1604 1010 1645 terrorem,
1030 1594 1276 1653 fierentque
1298 1611 1451 1637 omnes
1470 1596 1672 1638 homines
1699 1596 1819 1647 boni,

327 1664 535 1707 videlicet
559 1666 673 1707 bene
701 1665 905 1723 dispositi
932 1677 1114 1724 propter
1149 1667 1499 1709 exhortationem
1527 1668 1818 1726 premiorum,

328 1747 373 1778 et
399 1736 498 1778 mali
522 1747 704 1795 propter
733 1748 898 1779 metum
931 1753 1145 1795 penarum
1164 1736 1175 1758 ¹
1209 1738 1316 1796 ipsis
1347 1749 1391 1780 et
1427 1739 1633 1782 omnibus
1667 1755 1819 1781 eorum

327 1807 517 1865 posteris
543 1819 762 1866 perpetuo
791 1808 1121 1851 duraturarum.

386 1880 495 1923 Nam
523 1879 588 1921 illi
619 1879 695 1937 qui
728 1879 1027 1937 provisionem
1058 1881 1178 1938 pacis
1217 1881 1534 1940 impugnarent
1562 1882 1605 1924 in
1640 1883 1818 1924 Terram

328 1951 535 1998 Sanctam
557 1950 612 1993 ad
633 1953 728 2008 ejus
752 1950 1054 1993 defensionem
1078 1952 1379 2003 mitterentur,
1417 1969 1516 1996 cum
1545 1969 1623 2011 per
1651 1953 1818 2011 princi-

326 2037 427 2080 pem
449 2024 575 2080 cujus
598 2022 833 2065 interesset
853 2033 1036 2081 possent
1056 2025 1280 2081 superari3
1304 2024 1423 2082 quod
1441 2025 1528 2066 cito
1551 2024 1647 2066 fieri
1667 2024 1813 2074 debet,

326 2094 429 2152 quia
455 2105 639 2152 propter
666 2094 821 2136 similis
843 2110 956 2152 pene
992 2095 1195 2137 timorem
1225 2095 1298 2137 alii
1340 2112 1428 2138 non
1456 2095 1671 2139 auderent
1697 2096 1816 2154 ipsos

321 2167 490 2223 juvare.
520 2166 611 2209 Nec
656 2176 723 2207 est
762 2165 1001 2207 verisimile
1030 2166 1150 2224 quod
1189 2183 1342 2209 omnes
1373 2167 1531 2225 prelati
1567 2178 1611 2209 et
1643 2167 1814 2209 nobiles

325 2236 512 2295 alicujus
533 2236 728 2296 regionis
768 2236 911 2278 simile
944 2237 1108 2279 vellent
1144 2238 1390 2295 perjurium
1420 2238 1723 2290 committere3
1772 2249 1815 2280 et

325 2308 387 2350 sic
409 2319 561 2350 contra
585 2325 631 2350 se
659 2308 843 2351 invicem
872 2319 1053 2366 possent
1080 2308 1214 2350 dividi
1234 2325 1312 2367 per
1329 2309 1532 2351 doctores
1553 2321 1596 2351 et
1611 2324 1812 2352 suasores

324 2395 508 2438 operum
530 2379 648 2438 regis
676 2378 894 2438 pacifici²:
942 2381 1000 2421 Et
1020 2396 1145 2421 omne
1166 2396 1345 2438 regnum
1376 2385 1419 2422 in
1451 2397 1497 2422 se
1518 2382 1700 2424 divisum
1738 2381 1812 2422 de-

322 2452 537 2493 solabitur
574 2467 651 2493 nec
690 2451 897 2504 durabit;
943 2451 1058 2492 sicut
1089 2451 1278 2510 contigit
1306 2452 1350 2493 in
1387 2463 1585 2510 tempore
1614 2467 1701 2509 quo
1728 2451 1811 2492 im-

323 2533 500 2580 perator
545 2522 781 2580 cujuslibet
826 2521 1011 2564 civitatis
1070 2523 1332 2565 Loml›ardie
1367 2524 1687 2581 subjectionem
1734 2522 1811 2563 de-

369 2727 403 2759 1.
433 2724 491 2759 Cf.
513 2727 564 2759 De
592 2723 727 2763 abrev.7
758 2724 823 2758 fol.
854 2726 870 2758 1
897 2730 964 2759 v⁰:
1002 2736 1020 2756 «
1049 2723 1135 2769 Ipse
1163 2724 1273 2759 faciet
1303 2736 1434 2765 omnes
1464 2723 1635 2758 homiues
1667 2723 1805 2765 bonos,

321 2773 443 2818 primo
467 2777 567 2806 metu
589 2783 783 2817 penarum,
806 2776 843 2805 et
860 2771 1120 2805 exhortatione
1142 2773 1371 2817 premiorum
1392 2784 1425 2806 ».

369 2822 402 2855 2.
432 2821 582 2861 Matth.‚
606 2820 690 2860 XII,
715 2820 772 2854 25.
