1942 3242
439 220 499 252 DE
529 216 951 251 RECUPERATIONE
981 215 1143 248 TERRE
1175 216 1375 248 SANCTE.
1595 216 1648 249 101

163 312 340 371 scripsit
354 309 565 360 parisius,
585 308 655 350 die
671 307 873 350 sabbathi
892 305 1158 364 precedente
1174 305 1440 347 dominicam
1459 305 1653 363 publica-

162 384 296 428 tionis
314 381 561 441 iniquitatis
581 379 766 438 papalis,
786 394 893 437 quas
921 377 1074 420 eadem
1096 377 1167 419 die
1187 376 1371 419 tradidit
1392 377 1532 418 amico
1556 393 1650 428 suo,

165 455 344 498 domino
377 468 495 496 nunc
528 452 738 511 episcopo
767 448 1034 493 Biterensi¹:
1066 447 1270 490 videlicet
1298 447 1417 506 quod
1447 448 1654 490 Summus

164 526 319 577 Judex,
345 527 468 583 cujus
497 523 668 566 occulta
696 530 799 564 sunt
820 520 1000 579 judicia,
1030 519 1167 562 voluit
1193 519 1326 562 talem
1354 519 1408 561 ad
1436 535 1653 561 summum

164 597 445 658 pontificatus
473 595 642 654 apicem
675 610 754 652 per
786 591 1028 635 discordias
1062 592 1363 634 Romanorum
1399 591 1545 633 vocari
1578 607 1657 649 per

165 685 294 729 quem
323 685 346 711 a
366 667 568 727 personis
590 665 778 724 cupidis,
812 680 964 706 eorum
987 663 1266 722 exigentibus
1293 657 1502 720 peccatis,
1533 662 1656 704 elon-

163 749 291 800 getur
317 739 488 782 diucius
515 738 597 780 hec
622 744 816 795 potestas
845 743 888 778 et
915 742 1089 777 maneat
1119 733 1234 792 apud
1260 733 1358 776 illos
1391 734 1466 792 qui
1495 733 1657 776 alienas

165 829 253 856 non
279 812 476 854 nitentur
503 824 658 867 rapere
686 808 930 857 libertates,
961 815 1008 849 ut
1035 806 1283 864 percipiant
1304 805 1439 863 quod,
1476 813 1658 863 propter

166 885 328 927 abusus
349 889 648 941 peccatorum,
673 887 868 938 potestas
896 880 1028 921 Petro
1050 877 1243 935 principi
1270 876 1584 935 Apostolorum
1612 877 1657 918 in

165 955 295 998 terris
309 953 559 1003 commissa,
576 952 628 994 ab
643 950 808 994 eisdem
829 951 884 992 ob
901 949 1152 991 hoc'taliter
1174 949 1420 1008 elongatur.
1439 948 1655 1004 Quoniam

166 1043 243 1069 rex
275 1025 396 1076 Saiil,
421 1025 475 1067 de
502 1023 709 1066 mandato
731 1021 912 1064 Domini
937 1029 1116 1063 vocatus
1144 1028 1187 1062 et
1220 1028 1378 1062 unctus
1411 1020 1455 1062 in
1489 1036 1655 1078 regem,

167 1098 358 1142 Domino
377 1105 420 1139 et
447 1098 543 1155 ejus
565 1102 775 1154 precepto
798 1099 883 1136 non
902 1091 1135 1142 obedivit²‚
1157 1100 1285 1134 utens
1305 1107 1434 1133 sensu
1457 1091 1655 1150 proprio,

167 1186 254 1213 non
283 1168 464 1212 Domini
489 1183 570 1210 nec
594 1166 940 1224 Scripturarum‚
972 1163 1162 1222 speciale
1197 1163 1376 1205 Domini
1404 1162 1656 1204 mandatum

167 1257 300 1300 super
335 1239 571 1283 amissione
608 1238 735 1297 regni
774 1236 972 1294 recepit:
1011 1234 1259 1293 cujusmodi
1291 1234 1493 1276 mandata
1527 1233 1659 1275 hodie

167 1313 270 1356 facit
297 1313 513 1355 Dominus
542 1310 682 1352 solum
718 1325 797 1367 per
824 1323 965 1350 sacras
995 1307 1246 1365 Scripturas
1275 1314 1317 1348 et
1349 1322 1497 1348 earum
1526 1321 1660 1364 expo—

168 1385 378 1435 sitiones;
410 1383 455 1426 in
479 1382 638 1441 quibus
660 1389 702 1423 et
723 1396 804 1439 per
830 1395 938 1438 quas
957 1394 1142 1437 querere
1171 1378 1382 1420 debemus
1411 1393 1561 1419 causas
1587 1393 1660 1419 ve—

168 1455 376 1499 risimiles
392 1463 434 1496 et
449 1452 703 1512 probabiles
716 1451 913 1494 omnium
935 1450 1171 1493 effectuum
1186 1465 1295 1508 quos
1313 1449 1527 1499 videmus,
1540 1450 1661 1506 juxta

170 1526 279 1570 illud
305 1524 561 1585 Apostoli³:
595 1524 754 1567 Omnia
787 1538 1036 1582 quecunque
1054 1525 1219 1579 scripta
1240 1530 1356 1573 sunt,
1385 1521 1447 1562 ad
1463 1530 1658 1562 nostram

169 1600 411 1641 doctrinam
463 1600 626 1655 scripta
663 1605 779 1637 sunt.
811 1597 956 1649 Quare
984 1594 1028 1635 in
1050 1601 1115 1636 tot
1153 1592 1396 1650 Scripturis
1431 1592 1661 1634 recitatum

169 1670 374 1729 legimus,
405 1676 588 1727 propter
610 1667 778 1709 diversa
800 1674 995 1724 peccata,
1027 1664 1139 1707 mala
1173 1664 1341 1706 diversa
1364 1671 1430 1705 tot
1464 1671 1507 1705 et
1542 1671 1661 1704 tanta

171 1741 426 1800 contigisse,
457 1739 542 1781 nisi
563 1747 610 1781 ut
624 1738 776 1780 talium
797 1737 998 1795 exemplo
1018 1737 1251 1778 timeamus
1267 1743 1444 1793 peccata
1466 1734 1662 1776 commit-

170 1821 280 1862 tere,
324 1827 378 1854 ne
408 1810 511 1854 talia
552 1812 806 1868 majoraque
840 1808 951 1850 mala
986 1807 1261 1866 sequantur?
1289 1808 1339 1849 Si
1371 1810 1499 1859 enim,
1531 1814 1578 1847 ut
1605 1805 1664 1847 ait

172 1883 486 1941 Philosophus,
539 1885 579 1924 si
623 1897 770 1923 omnes
822 1896 1013 1922 essemus
1055 1882 1174 1938 justi
1219 1878 1407 1936 (justicia
1459 1877 1665 1919 videlicet

174 1954 405 2011 interiori),
444 1969 531 1996 non
584 1954 877 2011 indigeremus
912 1954 1096 2010 justicia
1159 1950 1380 2008 (videlicet
1419 1949 1658 2006 exteriori).

175 2026 362 2084 Propter
389 2024 487 2067 illos
508 2041 618 2083 quos
640 2023 722 2066 Dei
740 2024 875 2065 timor
901 2030 944 2065 et
971 2039 1092 2065 amor
1114 2039 1136 2064 a
1164 2022 1277 2064 malo
1299 2038 1386 2063 non
1407 2029 1596 2070 revocat,
1623 2028 1665 2062 et

177 2112 287 2155 quos
302 2112 391 2139 non
412 2095 514 2138 facit
541 2095 702 2138 malum
731 2094 968 2146 declinare,
1005 2094 1246 2153 requiritur
1282 2092 1518 2152 aliquando
1544 2092 1664 2151 virga

175 2346 374 2386 Ausculta,
413 2345 485 2393 fili.
526 2346 677 2381 D’autre
715 2352 810 2392 part,
846 2346 1053 2392 l’opuscule
1095 2345 1209 2379 remis
1246 2345 1264 2378 a
1298 2345 1459 2378 Richard
1492 2345 1666 2378 Leneveu

178 2395 303 2429 devait
331 2401 461 2440 porter
482 2394 747 2440 positivement
762 2395 795 2428 le
822 2394 906 2428 titre
928 2395 973 2427 de
998 2394 1176 2427 Rationes
1197 2391 1499 2427 inconvincibiles
1516 2406 1526 2436 ,-
1546 2404 1666 2425 aucun

178 2443 360 2488 opuscule
380 2443 425 2476 de
444 2441 590 2475 Dubois
606 2454 652 2475 ne
668 2455 764 2475 nous
787 2448 844 2475 est
863 2454 1028 2487 parvenu
1049 2454 1139 2474 sous
1167 2453 1208 2474 ce
1230 2441 1329 2475 titre.
1354 2440 1463 2473 Enssn
1487 2440 1666 2484 l'anulyse

179 2502 250 2536 que
267 2490 426 2523 l'autcur
447 2503 544 2523 nous
567 2490 690 2523 donne
712 2490 806 2523 dans
828 2490 861 2523 le
881 2490 1034 2535 present
1056 2490 1072 2532 ἓ
1092 2491 1154 2523 111
1180 2490 1224 2522 de
1247 2501 1307 2521 ses
1338 2487 1516 2522 Rationes
1538 2487 1666 2521 incon—

180 2537 372 2572 vincibilcs
391 2549 436 2570 ne
459 2537 691 2582 correspond
714 2537 731 2570 in
755 2549 897 2570 aucune
917 2537 961 2570 de
979 2549 1039 2570 ses
1056 2548 1200 2569 oeuvrcs
1223 2535 1461 2581 aujourd'hui
1484 2547 1665 2567 contines.

179 2585 260 2618 J'en
285 2585 440 2619 conclus
462 2596 534 2631 que
556 2583 703 2618 Dubois
723 2597 767 2618 ne
790 2585 854 2618 fait
873 2584 979 2630 point
1000 2584 1161 2617 allusion
1186 2583 1232 2617 ici
1255 2584 1273 2616 a
1309 2596 1348 2616 sa
1371 2581 1598 2616 Dcliberatio
1622 2582 1667 2615 de

182 2634 295 2669 1302:
320 2639 355 2666 et
378 2644 449 2677 que
473 2633 527 2665 les
548 2632 728 2666 Rationes
748 2630 1048 2666 incorwiucibiles
1069 2637 1154 2664 sont
1176 2630 1414 2676 aujourd'hui
1442 2631 1617 2675 perdueS.

231 2681 264 2713 1.
288 2679 360 2714 Sur
382 2679 545 2713 Richard
563 2680 749 2717 Leneveu,
774 2679 970 2717 nor-mand,
995 2679 1227 2713 archidiacre
1248 2678 1404 2723 d'Auge,
1430 2677 1514 2722 puis
1528 2678 1668 2722 eveque

184 2727 229 2760 de
250 2727 402 2762 Beziers
423 2727 678 2773 (1305-1309),
702 2739 734 2759 v.
759 2726 922 2763 Histoire
943 2725 1134 2767 litter-aire,
1159 2726 1290 2766 XXVI,
1316 2738 1378 2775 pp.
1402 2726 1575 2761 539-551.

232 2775 265 2808 2.
296 2775 399 2814 Rois,
421 2775 499 2809 XV.

234 2823 267 2858 3.
298 2822 419 2863 Rom„
444 2823 522 2864 XV,
547 2823 580 2857 4.
