1942 3242
313 222 354 255 56
853 223 1036 255 PIERRE
1066 223 1258 256 DUBOIS.

375 311 459 357 66.
495 313 684 371 Propter
712 311 832 372 quod
856 312 1185 372 impetrandum
1205 328 1287 372 pro
1309 313 1531 356 actoribus
1557 313 1690 372 hujus
1711 329 1809 372 pro-

314 383 496 426 visionis
518 392 561 426 et
581 384 956 435 benefactoribus,
988 384 1033 426 in
1060 384 1205 427 studio
1233 384 1433 443 quolibet
1464 384 1677 443 ejusdem,
1716 384 1809 427 die-

315 456 398 497 bus
420 455 606 515 singulis
637 472 772 498 unum
803 456 891 515 legi
912 456 1187 514 psalterium,
1212 472 1236 499 a
1262 456 1462 514 quolibet
1490 472 1610 498 suam
1640 464 1810 514 partem

317 542 402 586 que
430 527 602 569 modica
622 528 720 578 erit,
746 535 976 570 statuatur.
1008 529 1117 570 Item
1139 529 1314 570 missam
1347 543 1477 570 unam
1501 544 1581 586 pro
1607 528 1732 578 vivis,
1766 536 1810 570 et

318 598 445 641 aliam
465 614 547 657 pro
574 598 822 652 defunctis3
852 607 900 641 ut
920 607 1090 642 actores
1117 607 1160 642 et
1193 599 1445 658 quicunque
1482 599 1805 650 benefactores,

317 670 512 712 viventes
551 678 593 713 et
637 678 738 730 post
782 679 982 722 mortem,
1038 671 1239 714 diurnam
1289 671 1690 714 remunerationem
1739 686 1808 713 ex·

319 749 512 801 pectent.

47 896 201 935 Avantqge·
234 895 294 921 eco—
377 886 503 937 [XLll]
547 882 630 929 67.
662 884 801 941 Hujus
831 899 934 925 vero
961 883 1230 942 provisionis
1257 892 1402 934 erunt,
1439 892 1482 926 et
1508 884 1562 925 ab
1594 885 1689 942 ipsa
1729 901 1809 943 per

81 938 296 1028 Ξζέἕζξιῑὲὶὲιὲἒ
316 970 498 1013 eamque
533 954 776 1013 procedent
815 955 1041 997 commoda
1079 955 1354 1013 temporalia,
1403 971 1488 1013 que
1533 955 1632 1013 plus
1677 955 1809 1014 longe

81 1037 115 1100 tia,
130 1037 294 1100 cegafflffiig’u
314 1026 559 1085 proderunt
579 1026 967 1068 communitatibus
996 1027 1241 1085 regionum,
1267 1026 1320 1068 de
1343 1042 1526 1085 quarum
1552 1027 1680 1068 bonis
1703 1026 1809 1069 fient

80 1108 292 1172 ffffiffldfffffss'
314 1098 528 1156 impense,
548 1113 677 1155 quam
698 1097 962 1155 prodessent
982 1097 1234 1155 hujusmodi
1255 1098 1371 1140 bona
1392 1098 1428 1139 si
1451 1099 1581 1140 etiam
1598 1097 1804 1149 fideliter,

79 1181 160 1208 rient.
284 1162 294 1168 ⁶
314 1169 433 1228 quod
452 1169 523 1211 vix
543 1178 616 1211 aut
636 1185 860 1227 nunquam
883 1169 1176 1228 contingeret,
1208 1169 1476 1227 pauperibus
1496 1177 1804 1229 erogarentur3

314 1241 603 1284 communiter
626 1240 902 1283 considerata
921 1256 1166 1299 pauperum
1187 1240 1398 1283 moderna
1425 1241 1709 1283 multitudine
1732 1257 1806 1283 co-

312 1312 451 1371 piosa,
482 1313 754 1370 penuriaque
778 1312 1024 1370 specierum
1047 1320 1090 1354 et
1123 1312 1305 1354 aliarum
1342 1328 1489 1354 rerum
1526 1312 1807 1355 orientalium

314 1399 444 1442 quarn
483 1384 688 1442 patimur,
726 1399 811 1442 que
852 1383 1296 1426 communicabuntur
1335 1384 1539 1426 omnibus
1577 1383 1806 1434 catholicis

256 1506 258 1508 v
313 1470 394 1513 pro
415 1455 576 1513 preciis
598 1455 836 1497 moderatis
855 1473 865 1507 ;
895 1455 1013 1513 quod
1035 1455 1129 1497 sine
1157 1457 1414 1513 cujusquam
1435 1456 1686 1514 gravamine
1712 1454 1807 1497 fieri

313 1527 493 1584 poterit,
519 1527 726 1585 quoniam
754 1527 988 1569 cessabunt
1016 1526 1202 1585 plurima
1226 1527 1354 1569 solita
1374 1526 1571 1585 pericula
1599 1535 1641 1568 et
1668 1527 1806 1585 impe-

315 1596 507 1640 dimenta
534 1599 664 1640 maris
693 1606 736 1640 et
761 1606 978 1640 terrarum
1001 1616 1009 1650 ;
1042 1598 1281 1657 sedatoque
1310 1614 1389 1656 per
1417 1599 1499 1640 Dei
1526 1599 1718 1657 graciam
1745 1598 1807 1640 in-

314 1685 444 1712 cursu
482 1670 675 1712 hostium
709 1671 843 1712 Terre
881 1671 1057 1720 Sancte,
1100 1669 1332 1728 presidens
1372 1669 1531 1720 eidem,
1574 1685 1671 1712 cum
1715 1671 1808 1727 ejus

314 1741 496 1783 navibus
540 1740 593 1783 de
623 1741 753 1784 bonis
790 1741 930 1800 ipsius
963 1741 1128 1800 poterit
1165 1741 1396 1800 precipere
1439 1749 1481 1783 et
1520 1757 1673 1783 curare
1701 1741 1809 1783 citra

315 1828 433 1854 mare
454 1813 637 1871 portari,
662 1813 906 1871 comparari
934 1813 1104 1871 species
1127 1820 1170 1855 et
1197 1812 1280 1855 alia
1304 1813 1434 1863 bona,
1457 1820 1501 1854 et
1521 1812 1627 1854 illuc
1649 1812 1703 1854 de
1727 1813 1807 1854 bo-

316 1885 383 1926 nis
418 1884 582 1926 nostris
611 1885 830 1942 reportari
862 1884 1150 1943 mandarique
1176 1885 1324 1942 precia
1357 1900 1503 1926 rerum
1543 1891 1802 1942 emptarum,

317 1964 516 2014 sumptus
537 1955 759 2013 portandi,
785 1964 832 1997 ut
851 1964 1056 1998 taxentur
1074 1956 1223 2014 precia
1244 1971 1390 1998 rerum
1413 1955 1600 2014 singula,
1625 1963 1807 2014 propter

317 2026 549 2069 oviandum
576 2027 807 2085 cupiditati
829 2028 1045 2069 crescenti
1066 2027 1228 2070 cotidie
1250 2035 1557 2069 mercatorum.

378 2168 462 2215 68.
496 2170 604 2212 Item
638 2169 845 2212 dominus
871 2185 1001 2228 papa,
1043 2168 1288 2211 cardinales
1328 2176 1371 2210 et
1405 2170 1592 2226 majores
1631 2167 1805 2227 prelati,

319 2256 398 2282 nec
420 2256 508 2282 non
529 2256 655 2300 reges
683 2248 726 2282 et
753 2240 978 2299 principes
1002 2240 1231 2298 regionum
1259 2239 1305 2282 in
1333 2233 1495 2298 quibus
1514 2247 1644 2282 erunt
1665 2239 1810 2281 studia

319 2320 362 2353 et
401 2312 599 2363 abbacie,
640 2312 693 2354 de
726 2328 911 2370 quarum
939 2311 1068 2354 bonis
1096 2327 1176 2370 pro
1204 2319 1329 2369 parte
1370 2311 1686 2361 fondabuntur,
1729 2325 1809 2368 per

318 2383 559 2441 discipulos
587 2383 840 2442 hujusmodi
859 2383 1125 2442 provisionis
1151 2383 1315 2424 habere
1336 2391 1547 2441 poterunt
1566 2398 1653 2424 non
1667 2381 1807 2423 solum

318 2455 503 2512 species,
533 2454 611 2497 sed
639 2471 923 2513 quascunque
950 2470 1020 2496 res
1049 2470 1169 2496 caras
1192 2462 1234 2496 et
1261 2454 1484 2512 preciosas
1521 2469 1628 2512 quas
1656 2452 1710 2494 de
1743 2468 1806 2494 re-

317 2526 525 2584 gionibus
554 2526 749 2569 Orientis
770 2526 933 2568 habere
953 2525 1317 2576 desideraverint,
1343 2526 1516 2584 sibique
1545 2523 1803 2582 expedierit,

319 2597 444 2655 quasi
465 2613 546 2656 pro
569 2597 750 2647 nichilo,
781 2605 986 2656 respectu
1007 2597 1168 2639 veteris
1187 2597 1379 2639 caristie.

379 2673 524 2723 [XLIII]
547 2668 665 2724 Quid
686 2669 812 2727 plura
828 2669 1066 2711 scriberem
1082 2668 1412 2711 commoditates
1435 2666 1687 2725 hujusmodi
1703 2682 1808 2725 pro-

319 2741 516 2791 visionis,
548 2741 584 2783 si
618 2741 730 2783 bene
756 2740 891 2782 velint
918 2740 981 2782 uti
1004 2756 1100 2782 cum
1123 2739 1435 2782 distributione
1457 2738 1603 2781 debita
1637 2746 1807 2781 actores

320 2819 362 2854 et
387 2811 593 2871 discipuli
626 2811 859 2870 ejusdem?
885 2813 970 2854 Per
1003 2827 1136 2855 unum
1164 2811 1305 2854 solum
1337 2811 1552 2853 viventem
1586 2810 1807 2869 previderi
