1942 3242
137 738 255 765 lleunion
268 738 331 764 d'un

108 774 212 801 Concile
236 774 355 809 general.

109 1600 164 1630 Que
198 1598 223 1624 le
249 1602 357 1640 present

143 1643 263 1675 ouvrage
283 1640 334 1662 soit

107 1678 206 1697 soumis
228 1680 261 1697 au
277 1680 355 1707 pape.

376 210 416 242 90
923 214 1107 245 PIERRE
1139 214 1333 246 DUBOIS.

377 302 566 344 Domino
593 303 879 353 exercituum,
911 302 1098 345 feliciter
1125 303 1485 354 consummando,
1522 305 1866 348 misericorditer

375 373 546 431 placeat
572 375 876 433 expertissime
913 375 1032 433 regie
1061 375 1278 433 majestati
1309 383 1411 433 post
1437 391 1536 417 suas
1563 392 1746 434 guerras
1774 377 1865 420 feli-

377 445 485 487 citer
506 455 707 504 peractas
733 447 816 488 hec
843 446 939 489 fieri
960 446 1199 504 postulare,
1237 455 1280 488 et
1302 462 1400 488 cum
1419 447 1504 489 hiis
1528 447 1863 506 supplementis,

376 525 507 574 prout
543 518 807 559 monstrabit
844 518 931 559 vite
965 517 1062 559 fons
1094 534 1116 560 a
1144 533 1230 576 quo
1258 518 1374 560 bona
1409 526 1566 560 cuncta
1601 519 1864 576 procedunt,

376 588 530 646 perfici
555 605 819 647 procurare;
845 589 965 647 quod
985 597 1032 631 ut
1052 589 1286 631 inchoetur
1307 589 1523 639 ordinate,
1547 589 1721 632 videtur
1741 607 1866 649 expe-

378 659 503 701 diens
531 661 780 719 supplicare
809 661 986 703 domino
1007 677 1119 718 pape
1165 660 1284 718 quod
1316 661 1411 718 ipse
1439 661 1548 702 citra
1575 669 1762 712 montes,
1794 678 1867 704 su-

377 747 456 788 per
483 731 568 773 hiis
594 733 758 774 vocatis
797 732 978 790 prelatis
1009 740 1052 773 et
1078 731 1356 790 principibus
1383 732 1611 774 catholicis
1642 733 1726 774 sibi
1762 733 1868 775 obe-

379 802 619 854 dientibus,
650 804 883 862 presertim
912 803 1092 862 regibus
1126 811 1167 845 et
1201 803 1297 845 aliis
1320 804 1395 861 qui
1428 819 1517 845 non
1546 812 1869 863 recognoscunt

378 875 628 933 superiores
649 875 694 917 in
715 875 864 925 terris,
890 875 1136 917 Concilium
1164 874 1293 917 faciat
1326 875 1547 934 generale,
1578 876 1868 934 Peryalogum

377 946 651 989 detentorem
685 947 859 1005 imperii
902 946 1325 1004 Constantinopolis,
1359 962 1441 988 nec
1469 962 1557 988 non
1593 946 1868 988 detentorem

377 1019 503 1077 regni
531 1018 720 1060 Castelle
749 1026 791 1060 et
818 1020 911 1076 ejus
933 1025 1116 1075 nepotes
1153 1017 1206 1059 de
1239 1017 1314 1059 illo
1352 1017 1687 1068 contendentes,
1720 1033 1868 1076 regem

377 1089 635 1132 Alemannie
663 1106 761 1132 cum
782 1091 876 1147 ejus
913 1089 1180 1131 electoribus
1217 1089 1468 1131 nullatenus
1499 1089 1791 1139 obmittendo,
1822 1097 1869 1131 ut

378 1178 510 1220 super
536 1162 872 1220 recuperatione
901 1169 943 1202 et
969 1160 1280 1202 reformatione
1303 1169 1345 1202 et
1369 1161 1701 1203 conservatione
1734 1162 1868 1207 Terre

379 1234 555 1283 Sancte,
585 1230 666 1275 nec
692 1248 781 1275 non
810 1240 924 1275 statu
946 1232 1205 1274 universalis
1232 1232 1368 1274 totius
1419 1232 1662 1290 reipublice
1690 1233 1868 1274 christi-

378 1305 587 1354 colarum,
620 1320 717 1346 cum
745 1304 912 1346 eisdem
934 1311 977 1346 et
1003 1320 1081 1361 per
1108 1304 1229 1362 ipsos
1259 1303 1489 1345 consilium
1520 1312 1563 1345 et
1597 1303 1805 1345 auxilium
1827 1312 1869 1345 et

377 1375 619 1418 remedium
641 1376 877 1417 salubriter
899 1375 1128 1424 habeatur,
1148 1375 1321 1433 ipsique
1345 1374 1523 1416 domino
1539 1391 1667 1433 pape,
1699 1391 1778 1433 per
1799 1391 1868 1417 sa-

376 1448 548 1505 pientes
577 1447 685 1489 etin
714 1447 952 1505 agibilibus
979 1446 1184 1488 humanis
1219 1455 1439 1504 expertos,
1465 1454 1512 1487 ut
1540 1446 1594 1488 ad
1616 1446 1759 1488 omnia
1782 1463 1868 1488 res·

376 1519 574 1576 pondere
601 1519 773 1577 possint
801 1527 844 1560 et
865 1518 1076 1560 malorum
1104 1517 1361 1576 angelorum
1396 1518 1758 1575 persuasionibus
1789 1518 1868 1559 ob-

377 1591 509 1640 viare,
534 1606 717 1648 presens
740 1589 1016 1647 opusculum,
1039 1598 1284 1630 correctum
1311 1605 1389 1646 per
1423 1589 1740 1646 prudenciores
1772 1605 1868 1630 cum

377 1661 661 1720 providencia
683 1661 1046 1703 ducis-bellorum
1078 1660 1388 1718 expertissimi,
1429 1660 1606 1701 domino
1634 1676 1746 1719 pape
1774 1661 1867 1702 mit—

377 1741 493 1775 tatur
513 1751 521 1785 ;
547 1741 589 1775 et
610 1741 871 1791 procuretur
895 1732 1014 1791 quod
1035 1748 1122 1774 non
1151 1732 1235 1773 nisi
1253 1732 1409 1789 juratis
1431 1731 1679 1773 secretariis
1702 1731 1868 1774 domini

377 1821 490 1863 pape
535 1805 799 1847 consiliariis
851 1802 1145 1854 ostendatur¹,
1201 1803 1408 1861 quoniam
1440 1811 1607 1845 certum
1644 1811 1709 1845 est
1749 1803 1867 1861 quod

377 1877 461 1918 hoc
482 1885 570 1918 tam
611 1877 732 1935 pium
759 1892 885 1934 opus,
928 1875 1168 1934 instigante
1197 1875 1388 1917 Sathana
1416 1890 1513 1917 cum
1540 1891 1618 1916 suo
1654 1874 1867 1932 nephario

378 1949 588 1999 exercitu,
612 1948 827 2006 plurimos
855 1947 1037 1989 habebit
1059 1946 1225 1988 emulos
1248 1946 1390 1988 eidem
1413 1946 1617 2004 nequiter
1638 1945 1866 1988 adversan-

376 2028 457 2070 tes,
483 2020 596 2061 hanc
618 2021 824 2077 majorem
856 2018 1175 2070 confusionem,
1204 2033 1332 2075 quam
1360 2026 1459 2075 post
1487 2017 1702 2059 incarnati
1732 2017 1867 2061 Verbi

376 2091 599 2134 Passionis
621 2099 664 2133 et
691 2090 1045 2133 Resurrectionis
1076 2089 1319 2131 misterium
1355 2105 1510 2146 passus
1542 2097 1609 2130 est
1635 2089 1863 2138 hactenus,

378 2163 591 2205 Sathanas
607 2171 828 2220 tamquam
850 2163 943 2219 ejus
967 2161 1157 2202 fautores
1179 2160 1519 2218 dampnabiliter
1540 2160 1864 2218 impugnantes3

376 2234 430 2276 ad
457 2250 564 2292 quas
591 2233 899 2292 persuasiones
926 2231 1121 2274 totaliter
1142 2231 1451 2281 devincendas,
1483 2247 1571 2273 non
1594 2231 1725 2273 credo
1747 2230 1866 2273 suffi-

375 2322 473 2347 cere
500 2322 631 2363 posse
659 2313 858 2347 naturam
884 2304 1116 2345 humanam
1140 2305 1440 2360 cujuscunque
1467 2303 1667 2352 viventis,
1698 2302 1782 2344 nisi
1813 2303 1865 2344 ab
1909 2317 1911 2319 “

375 2385 528 2418 eterno
556 2379 685 2420 Patre
707 2377 920 2418 luminum
948 2375 1119 2416 infinite
1146 2374 1351 2432 potencie
1374 2374 1603 2416 duratione
1629 2374 1865 2432 vigoreque

376 2448 584 2490 divinitus
613 2449 878 2490 roboratam.

436 2520 565 2574 Quod
585 2536 696 2569 cum,
717 2536 769 2560 ex
789 2535 876 2576 quo
905 2518 1145 2561 secundum
1164 2533 1310 2559 rerum
1332 2525 1531 2558 naturam
1554 2524 1619 2558 est
1634 2515 1861 2574 possibile,

421 2724 453 2755 1.
484 2722 631 2755 Dubois
662 2722 821 2755 reclame
850 2722 1022 2767 toujours
1054 2721 1086 2754 lc
1122 2726 1243 2754 secret
1274 2733 1370 2766 pour
1403 2721 1435 2754 la
1478 2719 1694 2754 discussion
1727 2719 1772 2752 de
1803 2730 1864 2752 ses

375 2770 531 2815 projets.
555 2770 613 2803 Cf.
638 2770 857 2803 ci-dessous
888 2770 905 2813 ξ
938 2770 1014 2808 110,
1038 2774 1074 2802 et
1098 2771 1147 2802 De
1169 2767 1305 2808 abrev.,
1334 2768 1398 2801 fol.
1422 2769 1465 2802 28
1487 2775 1534 2808 r⁰‚
1559 2769 1600 2802 31
1623 2775 1672 2799 v0.
1697 2767 1726 2802 Il
1746 2765 1865 2803 craint

374 2818 407 2853 la
429 2829 641 2865 vengeauce
664 2817 871 2851 d'ennemis
893 2817 1087 2866 puissants
1107 2817 1141 2862 (ξ
1163 2816 1259 2861 136).
