1942 3242
347 187 388 218 66
896 184 1082 219 PIERRE
1117 186 1308 219 DUBOIS.

347 275 455 317 situs
481 284 524 317 et
556 275 651 318 loca
682 276 1015 326 elementorum,
1064 291 1215 318 eorum
1259 275 1602 334 magnitudines,
1643 276 1833 336 figuras;

347 347 519 389 orbium
536 346 763 389 celestium
779 346 1126 405 spissitudinem,
1144 362 1294 389 eorum
1313 346 1660 406 magnitudinem
1682 366 1691 400 ;
1713 348 1834 400 solis,

346 418 448 460 lune
476 427 519 460 et
546 418 727 461 aliarum
749 418 974 460 stellarum
994 417 1289 468 velocitatem,
1321 426 1464 460 motus
1492 426 1534 460 et
1555 418 1835 472 influencias;

347 498 390 532 et
412 498 623 548 quantum
644 498 762 532 terra
788 497 992 548 respectu
1016 505 1167 531 eorum
1188 489 1382 540 minima,
1408 497 1451 531 et
1477 498 1683 548 respectu
1703 491 1838 533 homi-

347 562 414 603 nis
448 562 656 614 maxima3
697 570 745 604 ut
782 561 867 603 hiis
909 560 1133 603 admiratis
1173 560 1375 602 laudetur
1421 569 1540 602 actor
1568 577 1735 612 eorum,
1777 570 1835 614 et,

347 633 523 692 repulsa
553 633 917 691 concupiscencia
959 631 1296 682 mundanorum,
1328 647 1417 673 non
1447 632 1673 690 superbiat
1707 633 1839 675 homo

346 713 528 763 propter
555 721 603 746 ea
641 720 726 762 que
753 704 798 746 in
826 703 987 746 mondo
1027 703 1103 761 qui
1139 703 1283 745 omnia
1318 703 1515 745 continet
1547 711 1590 746 et
1623 705 1716 762 ejus
1745 720 1838 746 res-

345 784 477 833 pectu
517 775 654 817 nichil
693 783 809 826 sunt,
849 776 931 817 hec
962 774 1107 816 omnia
1143 774 1368 824 inferiora,
1401 775 1503 832 quia
1537 775 1662 833 quasi
1701 775 1837 818 nichil

346 847 511 889 debent
532 847 742 905 reputari.

406 993 462 1044 [L]
491 989 575 1035 80.
614 989 677 1040 Si,
708 997 839 1047 prout
861 988 935 1030 fiet
965 1004 988 1030 a
1015 987 1178 1039 multis,
1213 987 1370 1046 aliquis
1404 996 1625 1046 opponat:
1658 1005 1679 1029 «
1711 986 1836 1032 Suffi-

347 1077 445 1104 cere
466 1069 654 1119 possunt
681 1068 724 1102 et
751 1060 962 1102 hactenus
997 1059 1266 1102 suffecerunt
1299 1058 1555 1101 addiscendi
1582 1059 1700 1102 modi
1727 1075 1836 1118 quos

344 1141 583 1175 tenuerunt
609 1141 756 1190 patres
787 1132 942 1182 nostri,
973 1147 1159 1190 quorum
1190 1130 1379 1188 scriptor
1413 1130 1544 1188 hujus
1575 1131 1721 1189 operis
1748 1147 1836 1173 non

344 1213 459 1246 esset
487 1204 647 1263 dignus
683 1203 850 1245 solvere
896 1203 1130 1261 corrigiam
1172 1202 1445 1244 calciamenti
1485 1219 1534 1254 »3
1576 1201 1838 1260 responderi

343 1284 490 1334 potest
512 1275 630 1334 quod
648 1264 784 1333 super
811 1275 894 1316 hoc
917 1274 1076 1332 dignus
1098 1289 1186 1315 non
1215 1281 1332 1315 esset
1360 1273 1659 1324 concedendo,
1690 1281 1837 1316 tamen

343 1347 533 1406 scriptor
567 1347 713 1405 operis
742 1346 889 1404 hujus,
924 1345 1112 1387 naturali
1151 1344 1371 1386 desiderio
1410 1344 1758 1402 recuperationis
1795 1352 1838 1386 et

343 1419 688 1461 conservationis
723 1420 857 1461 Terre
892 1419 1052 1460 Sancte
1090 1424 1248 1466 motus,
1282 1415 1577 1458 consideravit
1604 1415 1772 1474 pluries
1793 1424 1837 1458 et

342 1491 535 1549 respexit
562 1491 715 1532 nociva
737 1498 887 1532 contra
910 1489 993 1530 hoc
1024 1496 1066 1530 et
1090 1487 1377 1538 conferentia,
1403 1487 1458 1529 ad
1485 1487 1622 1529 instar
1644 1487 1836 1529 ortolani

342 1562 417 1620 qui
450 1563 592 1620 primo
628 1561 744 1603 tollit
773 1561 949 1610 urticas,
981 1560 1129 1618 spinas
1157 1567 1200 1600 et
1226 1558 1430 1609 tribulos,
1463 1567 1695 1617 antequam
1724 1558 1835 1601 ferat

342 1634 606 1676 frumentum
635 1641 707 1675 aut
729 1632 810 1674 alia
833 1648 917 1690 que
938 1647 1151 1690 prospera
1179 1630 1387 1689 colligere
1413 1630 1638 1688 proponit.
1664 1629 1834 1672 Idcirco

341 1705 394 1747 de
421 1705 506 1746 hiis
527 1705 689 1764 tetigit,
713 1720 794 1746 nec
822 1719 909 1757 non
938 1703 991 1744 de
1013 1701 1154 1744 modis
1181 1701 1439 1744 addiscendi
1467 1701 1695 1759 predictis,
1727 1717 1831 1743 con-

342 1777 584 1819 serentibus
601 1776 655 1818 ad
676 1777 788 1818 bene
811 1791 906 1817 esse
930 1772 1274 1816 conservationis
1297 1788 1345 1814 ac
1369 1772 1499 1814 etiam
1522 1772 1831 1830 adquisitionis

339 1848 455 1890 dicte
484 1850 644 1900 Terre;
670 1847 713 1889 in
736 1863 821 1905 qua
843 1861 1072 1904 quousque
1094 1845 1206 1888 bene
1230 1843 1361 1886 fuerit
1383 1843 1531 1885 sedata
1553 1851 1595 1885 et
1617 1859 1638 1885 a
1659 1843 1831 1903 guerris

339 1928 518 1970 semota,
552 1919 742 1961 scolares
765 1934 852 1960 non
880 1925 1062 1976 possent
1081 1917 1194 1958 bene
1220 1915 1451 1974 proficere,
1483 1931 1563 1957 nec
1586 1915 1699 1957 unde
1727 1931 1830 1974 pro-

339 1992 521 2034 ficerent
547 1992 737 2043 habere3
768 2006 849 2031 nec
880 1989 992 2031 forte
1021 1988 1268 2046 reperirent
1290 1987 1494 2029 doctores
1523 1987 1599 2044 qui
1626 1986 1746 2044 ipsos
1777 1986 1832 2028 ad

338 2063 658 2121 proficiendum
698 2062 741 2104 in
784 2061 988 2103 scienciis
1031 2059 1361 2102 conferentibus
1401 2058 1673 2100 ordinarent.
1722 2059 1830 2102 Nam

338 2135 492 2177 doctor
527 2134 713 2193 quilibet
742 2132 873 2175 vellet
900 2132 944 2174 in
972 2148 1047 2173 sua
1083 2131 1281 2173 doctrina
1310 2137 1352 2171 et
1389 2130 1470 2171 sub
1498 2146 1546 2171 ea
1574 2129 1647 2172 diu
1678 2138 1829 2171 tenere

131 1020 178 1058 Obj
182 1021 266 1049 ection
271 1042 277 1048 .

338 2207 544 2249 scolares.

69 2308 185 2336 „esem
220 2308 253 2335 de
291 2308 317 2335 lu
398 2278 550 2320 Credit
566 2276 856 2319 communiter
871 2275 987 2317 enim
1004 2273 1190 2332 quilibet
1211 2289 1331 2315 suam
1354 2273 1587 2315 scienciam
1603 2271 1828 2314 meliorem

102 2344 227 2408 ἑᾚξξέθ
253 2347 315 2381 ¹³¹'⁶'
338 2359 380 2392 et
412 2350 633 2392 utiliorem
679 2348 774 2390 aliis
808 2346 1039 2397 omnibus;
1077 2353 1134 2396 et,
1178 2344 1296 2403 quod
1323 2344 1421 2403 plus
1456 2352 1536 2395 est,
1567 2344 1827 2402 plerumque

337 2421 478 2463 credit
499 2420 686 2478 quilibet
707 2418 943 2461 scienciam
959 2433 1087 2475 quam
1109 2416 1244 2466 novit,
1272 2424 1314 2458 et
1336 2432 1465 2474 quam
1487 2414 1708 2457 desiderat
1730 2429 1825 2456 cum

337 2492 631 2551 possibilitate
654 2491 781 2540 scire,
813 2489 866 2531 ad
895 2489 961 2530 sui
983 2487 1222 2545 mondique
1243 2487 1439 2546 regimen
1471 2485 1698 2538 sufficere3
1729 2501 1825 2526 cum

338 2580 424 2605 non
453 2563 594 2605 solum
616 2578 779 2604 summa
802 2560 1038 2618 sapiencia,
1059 2558 1136 2600 sed
1157 2559 1286 2600 etiarn
1309 2574 1406 2600 cum
1434 2558 1529 2616 ipsa
1549 2556 1827 2615 experiencia

336 2635 563 2694 agibilium
600 2633 653 2675 ad
684 2631 833 2674 mondi
864 2631 1060 2690 regimen
1092 2629 1356 2687 requiratur.
1392 2630 1481 2672 Nec
1521 2629 1633 2670 bene
1667 2626 1825 2669 sufficit

336 2706 524 2748 sciencia
546 2706 590 2746 in
613 2721 700 2746 uno
729 2720 827 2745 cum
855 2701 1131 2760 experiencia
1159 2701 1354 2751 alterius,
1386 2700 1470 2742 nisi
1502 2699 1583 2741 ista
1611 2699 1698 2741 duo
1720 2714 1825 2740 con-

332 2780 601 2837 jungantur;
633 2773 750 2834 quod
778 2774 1034 2833 contingere
1057 2786 1143 2815 non
1166 2776 1316 2830 posset
1337 2771 1422 2813 nisi
1443 2770 1648 2813 studendi
1670 2769 1825 2812 modus
