1942 3242
341 253 359 284 4
889 248 1075 281 PIERRE
1105 247 1295 281 DUBOIS.

340 355 413 390 tur
439 347 484 389 in
506 346 569 389 eis
591 346 635 388 in
656 345 735 388 tali
762 353 877 387 statu
899 343 1018 403 quod
1045 343 1099 386 de
1129 343 1282 385 talium
1309 350 1448 386 morte
1475 350 1687 402 perpetua
1723 342 1831 384 veri·

341 418 543 460 similiter
570 417 797 459 dubitatur
813 414 839 457 ¹.

398 490 453 532 Et
471 489 571 548 quia
595 496 758 546 quanto
780 486 1055 545 frequentius
1082 485 1198 528 bella
1218 485 1513 535 committunt,
1542 492 1665 527 tanto
1692 485 1830 544 magis

339 569 552 620 appetunt
569 559 857 609 committere,
881 558 966 600 hoc
988 556 1299 600 consuetudini
1322 556 1459 615 magis
1477 572 1605 614 quam
1627 556 1829 598 emenda—

337 632 447 674 tioni
470 632 748 690 deputantes,
779 637 880 688 post
906 629 1023 671 bella
1043 637 1086 671 et
1106 645 1185 687 per
1207 644 1256 670 ea
1281 643 1433 686 pacem
1454 643 1542 669 non
1572 635 1824 685 querentes,

338 719 420 746 nec
457 711 677 752 tenentes,
720 717 802 744 nec
839 700 1087 758 reincipere
1130 699 1247 742 bella
1282 707 1501 749 verentes,
1544 714 1633 740 non
1673 698 1827 741 adver-

338 782 484 817 tentes
512 773 631 832 quod
652 773 711 815 ait
738 772 1052 830 PhilosophuS,
1083 771 1238 813 doctor
1259 770 1377 829 regis
1398 769 1662 812 Alexandri:
1690 770 1828 812 Omne

337 846 489 888 bellum
519 849 563 888 in
589 860 635 887 se
660 845 822 886 malum
842 853 883 886 et
910 844 1110 886 illicitam
1123 858 1141 896 ;
1169 846 1213 884 in
1241 851 1405 885 tantum
1429 842 1547 901 quod
1564 844 1639 900 qui
1662 847 1828 900 appetit

336 918 489 959 bellum
514 926 700 975 propter
731 915 887 957 bellam
921 917 964 956 in
997 914 1087 970 fine
1117 914 1287 955 malicie
1321 923 1399 956 est.
1433 912 1522 955 Sed
1552 921 1698 954 tamen
1729 928 1826 954 cum

337 1004 420 1047 pax
457 988 562 1030 alias
602 1003 731 1045 quam
766 1002 847 1044 per
879 985 1043 1027 bellum
1075 985 1231 1027 haberi
1261 1000 1348 1027 non
1384 991 1546 1042 potest,
1583 983 1686 1026 licet
1720 984 1826 1026 viris

332 1060 463 1117 justis
479 1058 644 1102 bellum
666 1066 873 1116 appetere
889 1064 932 1099 et
947 1056 1106 1106 facere,
1127 1064 1190 1106 ut,
1216 1055 1373 1114 adepta
1392 1071 1515 1114 pace,
1540 1063 1640 1113 post
1661 1055 1826 1097 bellum

336 1131 508 1189 possint
533 1130 734 1172 homines
755 1129 876 1187 pacis
900 1136 1100 1186 tempore
1119 1143 1272 1169 vacare
1299 1127 1536 1169 virtutibus
1558 1134 1602 1168 et
1623 1126 1825 1169 scienciis

336 1201 621 1260 adquirendis
638 1219 646 1252 ;
663 1200 783 1250 alias,
809 1200 895 1241 nisi
915 1207 1099 1257 propter
1119 1199 1236 1240 hunc
1258 1198 1404 1248 finem,
1424 1213 1551 1240 omne
1573 1197 1738 1240 bellum
1760 1205 1826 1240 est

335 1273 553 1323 illicitum,
585 1273 714 1314 etiam
742 1270 984 1314 secundum
1007 1270 1119 1328 juris
1141 1270 1279 1312 civilis
1302 1269 1520 1311 doctores.

394 1344 603 1389 Videmus
631 1342 751 1402 quod
783 1342 967 1384 mortuis
999 1342 1199 1400 patribus
1233 1349 1276 1383 et
1303 1341 1392 1383 avis
1419 1340 1464 1382 in
1498 1340 1615 1382 bello
1650 1340 1821 1390 illicito,

335 1416 594 1475 superstites
627 1422 811 1473 nepotes
848 1429 895 1455 ac
923 1429 1081 1455 uxores
1112 1412 1437 1461 defunctorum,
1471 1411 1683 1470 quicquid
1720 1428 1824 1470 pro-

334 1488 524 1537 mittant,
577 1503 705 1545 quam
760 1485 888 1527 citius
942 1492 1129 1542 possunt
1168 1485 1327 1526 iterum
1373 1483 1426 1525 ad
1462 1482 1627 1525 bellum
1660 1491 1703 1525 et
1734 1483 1824 1525 vin-

335 1559 495 1601 dictam
534 1557 822 1600 voluntariam
851 1572 896 1598 se
932 1563 1194 1614 preparant:
1227 1571 1312 1613 que
1346 1555 1408 1596 sic
1436 1555 1701 1613 contingunt
1733 1553 1824 1597 dis-

335 1630 552 1672 sensionis
595 1637 741 1671 actore
785 1643 865 1686 per
910 1643 1008 1669 suas
1050 1627 1378 1684 temptationes,
1435 1626 1748 1683 persuasiones
1782 1634 1825 1668 et

334 1701 528 1743 infinitas
557 1700 733 1743 fraudes
755 1715 802 1741 ac
824 1699 1012 1740 astucias
1040 1705 1322 1756 procurante,
1348 1705 1395 1739 ut
1415 1712 1645 1739 numerum
1672 1699 1825 1755 augeri

334 1789 482 1815 secum
506 1772 633 1814 faciat
652 1766 1003 1829 dampnatorum,
1029 1777 1072 1812 et
1101 1771 1235 1812 Terre
1259 1770 1420 1811 Sancte
1441 1767 1823 1826 recuperationem

334 1853 377 1886 et
406 1843 783 1886 conservationem
820 1840 1031 1899 impediat
1062 1856 1110 1882 ac
1141 1839 1370 1882 retardet².
1403 1839 1574 1881 Idcirco
1614 1839 1704 1897 pati
1731 1855 1820 1882 non

330 1916 421 1958 vult
443 1914 561 1974 quod
588 1914 763 1956 uniatur
784 1913 922 1955 virtus
945 1911 1277 1961 catholicorum,
1303 1910 1525 1969 quoniam,
1556 1918 1603 1952 ut
1629 1910 1689 1952 ait
1715 1910 1820 1953 Phi-

333 1987 578 2045 losophus:
625 1985 775 2029 Omnis
808 1987 945 2026 virtus
983 1987 1102 2026 unita
1133 1983 1296 2042 fortior
1324 1992 1387 2024 est
1431 1988 1574 2040 seipsa
1623 1982 1821 2040 dispersa

331 2069 370 2100 et
395 2060 546 2101 divisa.

59 2147 110 2174 <1¹¹⁹
146 2138 185 2165 10⁸
215 2139 311 2175 eeprits
390 2129 550 2188 Angeli
571 2136 713 2170 autem
741 2126 858 2176 mali,
881 2133 1014 2184 prout
1038 2125 1267 2183 Scripture
1289 2124 1417 2166 etiam
1440 2140 1562 2167 sacre
1582 2132 1816 2174 testantur,

95 2174 310 2238 igilii'irtguiiiigis
331 2201 515 2243 multum
542 2207 643 2242 sunt
669 2198 926 2257 prudentes,
957 2197 1085 2239 etiarn
1114 2212 1245 2254 super
1267 2196 1429 2238 noticia
1455 2195 1682 2237 verisimili
1702 2194 1819 2237 futu-

329 2288 493 2322 rorum,
519 2271 724 2330 quoniam
746 2269 831 2327 ipsi
865 2268 1077 2310 sciencias
1106 2276 1148 2309 ct
1179 2266 1538 2309 constellationes
1560 2267 1613 2308 ab
1648 2266 1819 2325 origine

375 2427 406 2459 1.
437 2425 494 2459 Cf.
518 2424 551 2458 le
573 2426 622 2458 De
640 2423 901 2463 abreviatione,
926 2422 990 2456 fol.
1015 2423 1034 2456 2
1055 2428 1104 2455 v0.

373 2475 405 2508 2.
436 2473 466 2506 Il
487 2472 662 2506 convient
682 2472 726 2505 de
748 2470 981 2516 rapprocher
1002 2482 1042 2503 ce
1065 2467 1378 2514 developpement
1396 2468 1440 2501 de
1463 2467 1559 2501 celui
1581 2478 1652 2513 que
1669 2465 1816 2500 Dubois

325 2521 423 2554 avait
438 2520 519 2566 deja
540 2520 666 2553 insere
688 2519 780 2552 dans
803 2519 835 2551 le
852 2520 901 2552 De
917 2517 1178 2556 abreviatione,
1203 2516 1266 2549 fol.
1288 2517 1320 2549 3.
1341 2515 1463 2561 Api-es
1485 2514 1589 2548 avoir
1606 2514 1760 2559 rappele'
1782 2514 1815 2547 la

325 2567 481 2601 maxime
501 2567 724 2601 d'Aristote:
751 2567 862 2600 Omne
884 2564 1031 2604 bellam,
1053 2570 1137 2603 etc.,
1163 2563 1187 2596 il
1210 2563 1384 2608 ajoutait:
1410 2576 1428 2595 «
1451 2562 1595 2595 Idcirco
1617 2573 1699 2594 cum
1721 2561 1814 2595 alias

327 2627 394 2660 pax
426 2620 461 2648 et
489 2614 728 2660 tranquilitas
769 2612 901 2646 haberi
930 2625 1004 2645 nou
1036 2617 1209 2657 possunt,
1245 2610 1330 2644 licet
1361 2609 1451 2643 viris
1477 2609 1592 2654 justis
1616 2615 1652 2642 et
1673 2608 1814 2642 sanctis

325 2661 464 2696 bellum
494 2662 634 2707 eligere
665 2667 701 2694 et
720 2660 964 2698 committere,
990 2659 1090 2705 quod
1119 2658 1318 2692 ordinatur
1339 2658 1384 2690 ad
1408 2668 1535 2702 pacem
1566 2662 1740 2702 tanquam
1768 2656 1813 2690 ad

325 2722 432 2743 suum
455 2710 612 2743 linem...
638 2709 813 2742 Preterea
836 2719 902 2752 per
925 2706 1077 2740 solitum
1110 2706 1260 2739 modum
1288 2704 1468 2743 bellandi,
1492 2703 1651 2737 mortuis
1675 2702 1815 2748 princi-

324 2756 437 2802 pibus
459 2758 515 2790 vel
544 2755 727 2790 fratribus
749 2755 786 2789 in
809 2753 923 2794 bello,
948 2767 1022 2787 non
1045 2758 1215 2787 metuunt
1237 2751 1475 2798 superstites,
1501 2750 1565 2796 qui
1586 2749 1676 2783 belli
1697 2762 1812 2795 penas

323 2805 551 2850 temporales
574 2809 610 2837 et
632 2802 849 2849 spirituales
869 2814 944 2835 nou
965 2807 1177 2839 senserunt,
1193 2800 1327 2833 iterato
1349 2798 1449 2832 bello
1471 2798 1749 2831 committere...
1767 2798 1812 2831 ad

323 2852 443 2886 instar
470 2851 595 2890 boum,
631 2851 755 2884 ovium
785 2855 821 2883 et
860 2861 1061 2894 porcorum
1092 2849 1155 2894 qui
1185 2852 1342 2893 propter
1372 2852 1526 2880 mortem
1557 2845 1812 2891 proximorum
