1942 3242
382 187 442 221 DE
472 184 894 221 RECUPERATIONE
923 183 1086 218 TERRE
1116 185 1313 218 SANCTE.
1557 184 1596 216 49

101 278 291 322 inveniri
318 286 502 337 possent
521 293 604 336 pro
631 276 835 319 omnibus
857 275 1008 318 mondi
1027 275 1262 326 thesauris,
1287 275 1374 317 nisi
1390 273 1443 316 de
1464 274 1595 333 longe

101 350 294 409 provisi3
325 349 402 408 qui
434 349 547 392 forte
573 347 878 407 temporaliter
905 363 994 390 non
1027 347 1274 406 proderunt
1298 345 1597 404 provisionem

102 421 344 474 inchoanti,
364 420 419 463 ad
438 421 577 463 instar
593 420 738 479 Moysi
753 419 828 478 qui
848 421 1028 462 Terram
1044 417 1350 477 promissionis
1370 432 1458 459 non
1469 416 1594 466 vidit,

102 501 146 536 et
170 501 358 543 tantum,
381 501 514 551 prout
535 492 750 550 scriptum
772 499 854 541 est,
879 498 922 532 et
943 490 1058 532 ultra
1080 505 1213 548 super
1234 491 1329 547 ejus
1351 496 1597 546 conquestu

103 564 332 607 laboravit.
363 565 462 607 Non
489 571 673 622 propter
696 563 780 604 hoc
808 561 1013 604 obmittat
1049 577 1242 603 summus
1269 559 1469 618 pontifex
1493 575 1598 617 pro-

102 636 316 678 visionem
349 634 570 677 salubrem
604 634 829 676 inchoare.
874 632 923 676 Si
961 633 1178 674 Dominus
1208 639 1391 690 propter
1420 639 1599 689 peccata

102 707 280 750 morbos
316 705 450 749 infert
482 714 526 748 et
559 713 744 747 mortem
783 704 1016 762 premittit,
1059 703 1233 746 fortiori
1266 703 1435 745 ratione
1474 710 1599 760 pater

103 777 406 821 misericordie
433 784 617 835 propter
639 777 755 818 bona
782 775 1032 818 desiderata
1065 783 1108 817 et
1141 775 1311 817 intenta
1336 774 1468 816 vitam
1494 789 1599 832 pro-

104 849 304 910 longabit
333 848 599 891 inchoantis.
640 849 797 892 Nonne
836 847 1048 905 scriptum
1079 855 1172 888 est:
1214 847 1381 888 Discite
1413 855 1458 887 ut
1487 861 1599 887 sem-

95 937 180 981 per
205 923 375 974 victuri,
413 920 492 962 sed
511 918 634 964 vivite'
657 929 703 961 ut
728 935 830 962 cras
855 921 1071 961 morituri.

164 1066 355 1117 [XXXVII]
399 1061 483 1108 60.
519 1063 708 1119 Propter
735 1061 817 1102 hec
850 1068 995 1103 autem
1023 1069 1066 1103 et
1101 1060 1183 1103 alia
1210 1061 1325 1103 bona
1348 1061 1595 1103 innumera-

105 1134 211 1177 bilia
236 1132 494 1193 optinenda,
525 1149 611 1191 que
638 1132 783 1174 omnia
805 1132 1026 1190 provideri
1054 1140 1096 1174 et
1117 1132 1252 1174 scribi
1280 1148 1367 1175 non
1395 1140 1592 1191 possent,

104 1206 209 1249 velit
234 1213 426 1247 statuere
449 1204 751 1246 sanctissimus
783 1211 908 1261 pater
939 1203 1142 1246 dominus
1166 1203 1365 1262 pontifex
1392 1220 1596 1246 romanus

109 1277 314 1320 Clemens
337 1276 534 1334 quintus,
558 1291 703 1317 veram
726 1275 966 1317 christiane
981 1275 1211 1334 religionis
1234 1292 1318 1333 que
1339 1291 1419 1333 per
1440 1292 1596 1334 operas

106 1348 334 1391 hominum
369 1347 516 1389 subito
542 1347 772 1405 procurari
809 1362 897 1388 non
930 1355 1081 1404 posset
1119 1355 1332 1404 appetens
1365 1347 1593 1398 unitatem,

105 1435 153 1462 ea
183 1435 268 1478 que
299 1426 559 1477 sequuntur,
596 1426 806 1476 operante
843 1417 925 1459 Dei
951 1418 1253 1460 misericordia
1281 1417 1469 1460 feliciter
1496 1435 1596 1478 aug-

106 1490 359 1539 mentanda,
383 1489 670 1548 perficienda,
696 1488 918 1539 mutanda,
943 1497 1074 1547 prout
1096 1489 1180 1531 sibi
1207 1490 1386 1548 suisque
1407 1489 1596 1548 pruden-

104 1562 240 1613 tibus,
273 1569 433 1603 statum
463 1560 615 1603 mundi
654 1560 828 1619 plenius
876 1561 1263 1619 cognoscentibus,
1296 1561 1435 1603 visum
1466 1560 1599 1602 fuerit

105 1641 419 1692 opportunum.
438 1631 656 1676 Videlicet
677 1631 796 1690 quod
817 1632 861 1673 in
884 1631 1080 1690 qualibet
1095 1633 1337 1690 provincia,
1357 1631 1598 1674 secundum

105 1704 302 1747 locorum
329 1703 557 1746 facultates
584 1703 630 1745 in
663 1703 747 1745 hoc
775 1703 1077 1760 applicandas,
1111 1703 1375 1761 populorum
1407 1703 1598 1745 multitu-

107 1775 250 1826 dines,
291 1776 336 1817 in
380 1775 488 1817 locis
533 1774 787 1832 hujusmodi
824 1774 1098 1832 prioratuum
1137 1775 1456 1833 Templariorm
1482 1775 1600 1816 velut

109 1846 519 1906 Hospitalariorum‚
551 1862 636 1904 que
657 1845 712 1888 ad
739 1845 821 1888 hec
858 1846 996 1904 magis
1036 1845 1200 1888 fuerint
1229 1855 1496 1904 opportuna,
1518 1854 1599 1888 sta-

112 2077 291 2113 Boniface
308 2079 411 2124 (vers
430 2076 644 2123 septembre
663 2077 785 2123 1304),
821 2076 968 2112 Dubois
996 2077 1094 2112 avait
1121 2078 1204 2123 deja
1229 2078 1371 2112 enonce
1398 2090 1460 2112 ces
1481 2078 1598 2119 idees,

114 2139 160 2160 en
183 2125 322 2160 faisant
341 2137 390 2159 un
414 2125 529 2159 crime
550 2126 570 2159 ἐι
590 2125 770 2159 Boniface
797 2125 842 2158 de
863 2125 982 2160 n'etre
1002 2125 1111 2172 point
1139 2126 1351 2172 polyglotte
1382 2125 1499 2172 (Bibl.
1523 2132 1597 2160 nat.

113 2174 179 2208 lat.
203 2173 331 2213 10919,
350 2173 415 2207 fol.
439 2174 519 2211 103,
543 2185 574 2206 e.
598 2173 660 2218 2):
686 2172 877 2219 «anues
905 2186 973 2219 par
1003 2186 1072 2219 soy
1086 2185 1132 2207 ne
1154 2186 1221 2219 par
1248 2179 1353 2207 autre
1374 2186 1420 2207 ne
1442 2174 1601 2219 regarda

114 2233 160 2255 ne
187 2221 393 2266 n'ensegna
417 2220 449 2254 la
473 2220 676 2254 centiesme
701 2221 821 2266 partie
843 2221 941 2254 dela
965 2227 1056 2267 gent
1076 2222 1125 2254 du
1143 2222 1294 2254 monde.
1318 2221 1348 2254 11
1366 2221 1480 2255 estoit
1500 2222 1602 2267 grei-

115 2280 236 2315 gneur
256 2267 419 2313 besoing
440 2279 511 2314 que
539 2267 564 2301 il
587 2269 721 2312 [seu]st
746 2267 901 2307 Arabio,
926 2267 1070 2309 Caldei,
1091 2268 1243 2309 Grieus,
1263 2268 1439 2310 Ebrieus‚
1464 2274 1500 2302 et
1517 2274 1603 2303 touz

115 2322 242 2350 autres
265 2316 484 2362 lenguages,
509 2315 690 2362 desquelx
720 2315 790 2361 ily
821 2328 839 2350 a
866 2315 984 2349 moult
1009 2316 1054 2349 de
1082 2316 1265 2350 crestiens
1293 2316 1356 2362 qui
1386 2328 1432 2350 ne
1459 2317 1604 2350 croient

115 2376 183 2410 pas
202 2375 345 2398 comme
358 2363 503 2408 l'eglise
519 2363 564 2396 de
581 2363 697 2397 Rome
716 2375 813 2409 pour
827 2375 867 2397 ce
883 2375 954 2409 que
970 2375 1040 2397 eux
1055 2363 1159 2397 n’ont
1179 2365 1259 2397 este
1282 2365 1326 2396 de
1346 2375 1386 2397 ce
1407 2364 1600 2409 ensegnie,

117 2411 149 2445 si
167 2423 309 2446 comme
330 2411 364 2444 le
392 2410 598 2444 Pentarcos
626 2411 760 2444 devers
779 2410 926 2450 Orient,
959 2410 1054 2445 neuf
1078 2423 1166 2444 cens
1194 2423 1377 2457 evesques
1405 2424 1476 2457 que
1504 2412 1528 2445 il
1558 2412 1602 2446 ha

117 2471 208 2492 sous
229 2459 255 2493 li
277 2470 364 2505 pres
393 2458 438 2491 de
468 2463 554 2491 tous
584 2458 639 2492 les
667 2458 819 2497 Grieux,
855 2463 891 2492 et
918 2457 1120 2503 pluseours
1145 2465 1272 2492 autres
1299 2459 1465 2504 desquex
1492 2471 1602 2493 ense-

117 2506 226 2552 guier
246 2506 271 2540 il
294 2506 409 2540 laissa
433 2505 466 2538 la
485 2516 646 2540 cure.....
674 2505 720 2540 Se
742 2506 810 2539 celi
833 2505 897 2551 qui
916 2518 983 2551 par
1004 2506 1179 2539 miracles
1199 2518 1245 2540 ne
1264 2507 1370 2552 pooit
1386 2507 1531 2540 donner
1549 2507 1604 2540 les

118 2553 323 2599 lenguages
344 2559 430 2587 eust
449 2552 515 2586 fait
527 2553 713 2598 aprendre
734 2564 780 2586 en
798 2558 884 2586 tous
905 2552 960 2586 les
980 2553 1186 2598 lenguages
1208 2554 1253 2587 de
1276 2554 1406 2587 lettres
1427 2560 1487 2587 tan
1504 2555 1603 2588 d’es-

118 2600 254 2635 coliers
276 2600 363 2635 bien
383 2601 560 2645 disposez
582 2612 679 2646 pour
697 2600 883 2646 apreudre
912 2612 983 2646 que
1004 2601 1029 2635 il
1055 2601 1282 2635 soffisissent
1301 2613 1397 2647 pour
1417 2602 1571 2635 envoier
1586 2615 1603 2635 a

118 2653 204 2682 tous
234 2649 289 2682 les
317 2647 475 2694 puebles
502 2647 722 2693 preeschier
754 2647 789 2681 la
823 2647 875 2681 foi
909 2649 1134 2687 crestienne,
1165 2654 1201 2682 et
1231 2661 1270 2682 se
1301 2661 1367 2682 eus
1398 2649 1605 2682 ueussient

119 2707 225 2730 assez
247 2707 313 2730 seu
332 2707 428 2741 pour
449 2707 489 2729 ce
516 2695 593 2728 fere
614 2708 633 2729 a
657 2707 696 2729 sa
717 2694 788 2732 vie.
814 2706 875 2728 ses
898 2707 1120 2730 successeur
1141 2696 1195 2729 les
1217 2709 1239 2742 y
1258 2701 1414 2729 eussent
1436 2698 1602 2736 envoiez

119 2755 163 2776 en
187 2743 380 2789 parfesant
411 2754 452 2776 ce
472 2754 543 2789 que
564 2743 589 2776 il
612 2747 696 2776 eust
716 2742 919 2783 comencie‚
943 2743 1025 2777 ansi
1047 2755 1150 2777 come
1173 2743 1316 2778 Moises
1337 2755 1550 2778 commenca
1572 2745 1606 2778 le

118 2795 305 2837 conquest
323 2791 369 2824 de
390 2790 424 2824 la
445 2790 562 2824 Terre
581 2789 721 2829 Seinte.
746 2795 783 2824 et
804 2790 836 2824 si
856 2802 902 2823 ne
924 2790 957 2824 la
978 2790 1031 2824 vit
1048 2802 1208 2837 onques.
1231 2803 1249 2823 »

326 2866 441 2899 Pierre
462 2865 599 2898 Dubois.
1382 2867 1399 2898 4

1617 1072 1703 1108 Projet
1711 1071 1744 1100 de
1751 1071 1868 1100 creationi

1653 1108 1677 1135 d'
1680 1108 1768 1136 ecoles
1799 1108 1833 1135 d'
1826 1118 1867 1135 in-

1652 1147 1867 1181 terpretes

1651 1176 1777 1217 (gereone
1790 1186 1818 1208 et
1827 1180 1866 1207 ffl-

1652 1216 1704 1252 les)
1732 1217 1799 1244 dans
1826 1217 1866 1244 les

1651 1253 1773 1288 prieures
1793 1252 1817 1279 d’
1820 1262 1868 1279 ou-

1652 1293 1663 1315 t
1669 1298 1683 1315 r
1690 1298 1718 1315 e·
1721 1298 1745 1315 m
1755 1299 1769 1316 e
1776 1298 1791 1315 r
1824 1288 1842 1315 d
1849 1298 1866 1315 u

1653 1325 1762 1361 Temple
1785 1330 1812 1352 et
1832 1325 1865 1353 de

1651 1360 1785 1397 ruspiml.
