1942 3242
73 325 151 358 Mais,
161 330 241 353 avant
252 331 318 361 tout,

105 361 126 388 il
154 362 211 388 faut
234 362 321 388 refor-

106 406 165 424 mer
191 398 229 424 les
254 398 320 425 abus

106 433 187 469 quise
194 438 253 460 sont
260 434 323 469 glis-

107 471 150 495 ιιὲε
177 469 243 496 dan!
270 465 322 497 FE-

107 504 195 542 glise3
213 506 279 533 c’est
295 506 321 532 la

106 541 240 569 condition
249 541 282 568 de
294 542 321 569 ln

105 577 167 613 paix
208 578 320 606 univer-

107 613 182 640 telle.

340 223 379 256 20
885 223 1069 257 PIERRE
1100 224 1295 258 DUBOIS.

400 318 516 368 [xm]
544 313 627 359 27.
662 314 786 357 Sicut
811 321 954 356 autem
985 314 1038 356 ad
1065 322 1230 357 tantam
1259 317 1639 375 recuperationem
1670 325 1713 360 et
1734 333 1833 361 con-

342 386 631 428 servationem
660 384 881 427 confluere
910 394 1117 444 opportet
1143 395 1186 428 et
1213 387 1391 445 expedit
1423 389 1559 430 totius
1586 389 1833 447 reipublice

342 457 657 500 catholicorum
679 457 942 499 concordem
966 466 1008 500 et
1029 458 1195 500 unitam
1215 458 1421 501 virtutem
1441 460 1745 518 temporalem,
1771 461 1833 503 sic

341 529 594 588 opportebit
616 545 696 587 per
717 529 937 571 orationes
957 529 1134 571 devotas
1161 530 1420 573 universalis
1442 531 1643 582 ecclesie,
1666 539 1831 574 tantam

340 610 491 660 petere
520 609 563 643 et
590 602 826 659 impetrare
856 601 1064 660 graciam,
1102 609 1223 644 tante
1256 602 1377 660 pacis
1405 603 1756 661 recuperationis
1789 611 1831 646 et

340 672 703 723 conservationis,
728 672 781 714 ab
800 672 876 714 illo
897 688 920 714 a
948 688 1035 730 quo
1057 673 1200 715 omnia
1229 673 1343 715 bona
1371 674 1635 732 procedunt,
1667 675 1743 733 qui
1764 683 1830 717 est

340 747 458 787 Deus
490 752 532 786 et
562 743 776 786 Dominus
810 744 1096 795 exercituum,
1132 744 1206 802 qui
1238 745 1356 787 solus
1385 753 1451 787 est
1484 761 1611 788 causa
1639 746 1761 804 pacis
1787 754 1830 789 et

337 816 535 858 victorie.
572 817 681 859 Nam
710 815 745 857 si
781 815 915 858 duces
947 815 1165 858 bellorum
1191 824 1551 875 pugnatoresque
1585 817 1671 859 sibi
1710 833 1828 860 com-

337 888 458 930 missi
475 887 529 930 de
551 888 640 929 suis
663 887 937 930 confiderent
956 887 1140 938 viribus,
1165 895 1208 930 et
1228 903 1299 930 eas
1318 888 1573 931 estimarent
1590 888 1643 931 ad
1663 897 1827 931 tantam

337 958 537 1001 sufficere
564 959 790 1001 victoriam
816 967 1032 1017 perpetuo
1066 959 1313 1001 habendam
1342 968 1385 1002 et
1417 960 1750 1012 observandam,
1786 969 1828 1003 et

337 1031 391 1073 ad
425 1031 719 1073 resistendum
754 1030 922 1089 angelis
956 1030 1079 1072 malis
1120 1031 1535 1083 contranitentibus,
1575 1033 1827 1090 persuasio-

336 1103 466 1145 nibus
485 1110 528 1144 et
553 1102 916 1160 temptationibus
944 1101 1213 1153 eorumdem,
1239 1119 1349 1161 quos
1372 1103 1567 1146 creditur
1593 1104 1822 1162 premissa,

336 1182 468 1232 prout
499 1182 724 1232 poterunt,
761 1189 841 1232 per
869 1190 967 1216 suas
995 1173 1184 1216 astucias
1215 1174 1522 1232 impeditur05‚
1559 1167 1647 1218 non
1675 1183 1826 1234 posset

334 1245 588 1304 hujusmodi
614 1245 868 1304 recuperari
897 1247 1032 1287 Terra
1059 1253 1102 1287 et
1130 1246 1308 1287 servari.
1347 1246 1518 1288 Idcirco
1550 1246 1725 1289 videtur
1751 1263 1824 1289 ex-

334 1317 519 1376 pediens
550 1334 629 1376 per
664 1317 899 1360 concilium
930 1316 1022 1375 peti
1060 1316 1289 1359 reformari
1331 1325 1374 1359 et
1406 1318 1631 1360 emendari
1664 1326 1823 1360 statum

333 1389 592 1431 universalis
623 1388 824 1439 ecclesie,
866 1397 914 1431 ut
946 1388 1105 1446 prelati
1136 1397 1223 1430 tam
1256 1390 1442 1446 majores
1477 1405 1605 1448 quam
1632 1389 1823 1432 minores

333 1461 582 1503 abstineant
603 1477 624 1502 a
645 1460 790 1502 vetitis
817 1476 896 1518 per
923 1468 1097 1502 sanctos
1120 1461 1294 1512 Patres;
1320 1477 1470 1503 eorum
1493 1469 1716 1519 precepta,
1742 1468 1823 1503 sta·

330 1540 423 1574 tuta
457 1541 500 1574 et
535 1531 717 1574 consilia
754 1530 1019 1581 custodiant,
1059 1539 1106 1573 ut
1140 1539 1364 1582 tenentur,
1402 1533 1525 1590 juxta
1564 1531 1674 1574 illud
1713 1533 1822 1575 Pro-

331 1603 518 1663 phete¹z
561 1604 744 1645 Declina
782 1620 808 1644 α
847 1603 963 1644 malo
1000 1612 1042 1644 et
1070 1603 1144 1661 fac
1179 1603 1367 1657 bonum,·
1395 1606 1567 1662 inquire
1590 1619 1746 1661 pacem
1780 1613 1820 1646 et

326 1691 588 1734 persequere
619 1678 794 1733 ipsam‚·
837 1681 899 1723 ut,
937 1673 1093 1731 adepta
1129 1689 1229 1716 vera
1265 1690 1371 1732 pace
1412 1674 1625 1724 cordium,
1669 1690 1820 1716 omnes

329 1747 488 1806 prelati
523 1745 744 1796 catholici,
776 1761 872 1787 cum
902 1753 994 1786 toto
1029 1744 1146 1786 clero
1180 1753 1222 1787 et
1257 1745 1422 1804 populo
1456 1745 1540 1787 sibi
1574 1745 1818 1787 commissis

329 1834 458 1861 unam
487 1818 696 1860 facientes
724 1816 1011 1875 spiritualiter
1046 1816 1379 1874 rempublicam,
1410 1825 1456 1858 ut
1487 1816 1665 1859 accedat
1698 1816 1817 1875 quod

328 1890 386 1932 ait
419 1888 710 1948 Apostolus’:
754 1888 1049 1930 Multitudinis
1087 1888 1350 1930 credentium
1376 1898 1471 1930 erat
1509 1904 1583 1929 cor
1617 1904 1748 1930 unum
1775 1898 1816 1931 et

326 1967 473 2003 anima
536 1977 641 2011 una,
699 1968 740 2001 et
796 1959 914 2018 quod
963 1959 1021 2000 ait
1069 1958 1364 2017 Philosophus
1399 1976 1406 2000 :
1470 1960 1622 2002 Omnis
1680 1965 1816 2002 virtus

327 2036 448 2075 unita
469 2034 633 2091 fortior
663 2041 726 2073 est
751 2037 890 2089 seipsa
917 2031 1086 2074 diversa
1112 2040 1150 2072 et
1188 2031 1353 2083 divisa3
1391 2047 1470 2089 per
1504 2031 1697 2081 devotas,
1738 2031 1815 2073 hu-

325 2105 449 2146 miles
479 2112 522 2145 et
552 2102 749 2146 assiduas
777 2102 1012 2153 orationes,
1042 2102 1268 2143 victoriam
1298 2111 1556 2160 perpetuam
1584 2118 1715 2160 super
1748 2102 1815 2144 in·

323 2175 475 2218 fideles
497 2176 735 2233 impetrent
756 2174 810 2216 ab
831 2173 907 2215 illo
931 2173 1004 2231 qui
1027 2189 1123 2215 cum
1146 2173 1382 2231 sapiencia,
1414 2190 1542 2232 quam
1569 2173 1709 2215 solum
1735 2189 1813 2231 pe-

321 2247 442 2288 tebat
465 2246 688 2296 Salomon,
714 2245 836 2287 dedit
857 2244 999 2287 eidem
1021 2244 1114 2286 auri
1134 2252 1176 2286 et
1192 2245 1363 2303 argenti
1386 2253 1642 2303 ceterasque
1663 2243 1812 2286 mondi

321 2316 501 2360 divicias
523 2334 601 2375 pre
624 2317 827 2359 omnibus
849 2316 925 2374 qui
946 2323 1045 2358 ante
1069 2316 1211 2373 ipsum
1239 2315 1412 2358 fuerant
1431 2316 1476 2358 in
1498 2315 1752 2359 Jerusalem.

380 2389 509 2444 Quod
538 2389 601 2431 sic
629 2387 833 2446 expediat
861 2387 1003 2429 facere
1031 2387 1181 2446 colligi
1208 2395 1354 2445 potest
1378 2403 1430 2429 ex
1458 2387 1687 2430 eventibus
1715 2386 1809 2429 bel-

319 2458 461 2502 lorum
503 2459 796 2518 precellenter
838 2458 1066 2500 militantis
1109 2457 1219 2500 Jude
1264 2459 1494 2501 Machabei
1538 2458 1807 2516 fratrumque

319 2547 525 2583 suorum;
559 2531 634 2589 qui
664 2547 760 2572 cum
794 2530 848 2572 de
882 2530 971 2571 suis
1004 2529 1170 2571 viribus
1202 2529 1483 2572 confidebant
1515 2529 1730 2571 cadebant
1762 2529 1807 2571 in

318 2602 435 2644 bello
454 2620 464 2654 ;
488 2610 531 2644 et
550 2602 792 2652 victoriam,
818 2617 916 2644 cum
938 2617 1030 2643 eam
1053 2601 1107 2643 de
1130 2601 1224 2643 celo
1245 2601 1470 2658 petebant,
1491 2601 1715 2643 humiliter
1735 2600 1806 2642 de—

365 2788 397 2822 1.
428 2787 528 2822 Psal.
551 2786 722 2828 XXXIII,
747 2787 803 2823 15.

364 2837 396 2869 2.
427 2835 555 2874 Actes,
580 2835 643 2876 IV,
668 2837 722 2871 32.
