1942 3242
313 229 375 261 122
865 229 1053 262 PIERRE
1088 230 1278 263 DUBOIS.

313 320 369 360 tis
389 333 522 377 quam
542 318 698 376 probis
726 322 860 373 viris,·
891 318 1100 378 quoniam
1131 336 1220 362 non
1256 325 1362 363 Sunt
1386 338 1467 364 nec
1493 338 1589 365 esse
1621 335 1810 382 possunt

316 387 453 447 aliqui
473 388 554 431 viri
576 400 664 431 tam
691 389 820 448 probi
843 390 950 448 quin
971 390 1184 449 possibile
1205 391 1261 434 sit
1287 408 1361 434 eos
1391 394 1617 452 corrumpi
1643 395 1808 453 passio-

317 460 448 503 nibus
465 459 544 511 ire,
565 460 670 512 odii,
691 461 868 512 amoris,
889 461 1076 513 timoris,
1096 463 1481 522 concupiscencie,
1507 476 1557 507 ut
1571 466 1655 508 hoc
1677 466 1807 509 etiam

314 543 492 575 cavetur
505 536 581 586 [c.]
596 533 675 576 XI.
696 549 739 591 q.
766 534 844 584 III,
870 533 926 576 c.¹
948 535 1198 588 [LXXVIII]
1219 552 1226 576 :
1249 535 1453 593 Quatuor
1466 537 1604 579 modis
1617 554 1808 581 corrum-

308 605 680 663 piturjudicium,
704 620 804 647 cum
832 605 1069 664 [capitulis]
1094 606 1406 664 sequentibus;
1427 607 1480 650 ad
1502 608 1623 666 quod
1639 610 1810 652 accedit

320 675 441 734 quod
481 675 540 718 ait
578 675 877 734 Philosophus
928 677 973 720 in
1019 676 1133 719 dicta
1187 677 1383 735 Polytica
1409 695 1417 720 ε
1457 680 1605 721 Primo
1640 682 1810 740 quidem

314 750 507 790 civitates
528 748 794 806 regebantur
821 764 936 806 rege,
963 749 1010 790 id
1026 758 1087 790 est
1099 753 1289 807 propria
1311 750 1530 793 voluntate
1547 752 1811 795 dominantis

315 822 359 861 in
377 821 469 873 eis,·
496 820 575 861 sed
598 822 803 878 quoniam
816 836 939 878 reges
959 824 1123 862 amicos
1142 836 1242 862 suos
1263 837 1356 863 cum
1375 822 1701 881 delinquebant,
1731 827 1810 866 mi-

314 906 413 944 nas,
451 900 493 932 et
518 893 729 944 inimicos,
760 895 902 950 magis
929 892 1067 934 debito
1085 892 1341 951 puniebant,
1367 909 1420 934 ex
1448 894 1525 935 hoc
1555 895 1812 937 oriebantur

313 963 544 1004 seditiones
575 971 617 1004 et
644 963 759 1005 bella
774 978 791 1017 ,·
819 964 994 1017 idcirco,
1027 974 1072 1005 ut
1092 964 1168 1006 lzec
1186 965 1308 1006 mala
1340 975 1579 1019 cessarent,
1605 977 1813 1025 ceperunt

315 1034 510 1076 homines
534 1050 621 1093 per
646 1035 761 1093 leges
789 1044 830 1077 et
857 1045 1023 1077 statuta
1051 1051 1130 1094 que
1158 1038 1320 1078 nemini
1353 1047 1550 1094 parcunt
1577 1038 1811 1081 salubriter

304 1106 528 1164 judicare.
1353 1107 1356 1110 ’

379 1247 496 1293 133.
524 1249 633 1290 Item
655 1247 789 1290 hodie
806 1247 921 1291 'sunt
950 1248 1153 1291 homines
1179 1249 1311 1309 longe
1337 1250 1438 1308 plus
1465 1250 1594 1292 solito
1623 1251 1804 1310 cupidi²‚

317 1318 450 1371 avari,
482 1319 526 1362 in
554 1319 729 1362 malicia
748 1320 994 1379 prudentes
1019 1331 1063 1363 et
1088 1320 1220 1363 astuti
1242 1339 1251 1373 ;
1276 1332 1320 1363 et
1341 1321 1638 1380 Philosophus
1657 1322 1702 1364 in
1730 1325 1808 1365 Po-

316 1390 449 1449 lytica
500 1391 559 1434 ait
581 1408 589 1433 :
629 1393 702 1435 Vir
723 1393 937 1450 prudens,
982 1394 1098 1435 malo
1116 1393 1302 1447 deditus,
1325 1409 1449 1436 omne
1465 1393 1629 1436 malum
1650 1400 1813 1452 cogitat

315 1472 357 1505 et
375 1463 501 1522 facit.

378 1605 496 1651 134.
523 1606 632 1648 Item
652 1605 841 1648 ibidem:
863 1607 1057 1648 Pessima
1073 1616 1135 1648 est
1149 1609 1396 1660 inimicicia,
1412 1606 1574 1649 habens
1589 1623 1732 1661 arma,
1752 1608 1809 1650 vi-

316 1677 483 1720 'delicet
503 1677 776 1735 prudencie3
799 1689 842 1719 et
868 1677 913 1719 in
941 1677 1210 1719 Authentica
1237 1677 1471 1720 Justiniani
1500 1678 1777 1736 imperatoris
1797 1696 1805 1721 ε

313 1749 414 1793 Non
435 1759 499 1791 est
524 1750 686 1791 malum
714 1750 832 1808 quod
856 1752 920 1791 vir
937 1750 1154 1807 prudenS,
1180 1750 1297 1791 malo
1318 1751 1502 1802 deditas,
1551 1766 1637 1792 non
1680 1751 1808 1792 adin-

316 1824 473 1864 veniat.
497 1821 562 1862 ·Et
593 1820 776 1871 idcirco,
801 1831 953 1862 contra
981 1820 1092 1862 mala
1125 1820 1381 1863 debentium
1414 1836 1637 1863 armorum
1678 1821 1807 1864 servi·

315 1892 380 1934 cia
423 1891 484 1934 sic
524 1891 676 1934 eadem
715 1891 1091 1942 subtrahentium,
1139 1892 1184 1934 in
1223 1907 1352 1951 grave
1396 1891 1694 1950 prejudicium
1741 1893 1806 1935 sui

315 1963 476 2006 summi
505 1962 720 2022 principis
739 1975 782 2006 et
800 1963 931 2023 longe
953 1963 1130 2021 majoris
1151 1963 1288 2022 partis
1311 1979 1491 2006 suorum
1509 1963 1806 2014 subditorum,

315 2035 496 2094 expedit
524 2051 634 2078 nova
667 2035 862 2077 remedia
893 2034 1039 2077 taliter
1080 2034 1293 2085 invenire,
1323 2035 1444 2093 quod
1490 2046 1638 2078 tantus
1666 2051 1805 2085 error,

317 2123 370 2149 ex
388 2123 476 2166 quo
504 2118 569 2149 tot
596 2117 744 2150 secuta
773 2117 878 2149 sunt
897 2117 1092 2164 peccata,
1127 2106 1332 2165 dampna,
1363 2106 1561 2164 pericula
1589 2118 1633 2149 et
1658 2109 1808 2165 preju-

315 2178 444 2229 dicia‚
475 2189 619 2221 cesset
647 2178 691 2220 in
719 2189 964 2236 posterum,
986 2188 1030 2220 et
1065 2178 1185 2236 quod
1209 2178 1407 2236 ejusdem
1443 2177 1604 2220 erroris
1639 2178 1808 2220 macule

317 2249 573 2309 contagiose
601 2249 832 2292 animabus
853 2248 1057 2308 plurimis
1076 2249 1282 2307 nequiter
1309 2249 1589 2299 adherentes,
1608 2265 1687 2308 per
1709 2265 1808 2291 con-

316 2338 495 2365 sensum
524 2321 692 2364 domini
720 2321 857 2381 regis,
885 2320 1008 2369 cleri,
1040 2332 1083 2363 et
1116 2320 1286 2380 populi,
1318 2321 1430 2363 facta
1457 2321 1602 2380 aliqua
1636 2337 1807 2363 recom-

366 2502 399 2534 1.
429 2501 502 2534 Ms.
523 2505 555 2533 et
570 2501 765 2545 Bongars:
785 2505 945 2533 centum.

366 2549 400 2581 2.
430 2547 628 2581 Plusieurs
649 2548 715 2581 des
731 2547 925 2581 ministres
941 2547 1081 2581 favoris
1101 2547 1145 2580 de
1165 2547 1338 2593 philippe
1360 2547 1394 2581 le
1418 2547 1484 2581 Bel
1501 2547 1639 2581 etaient
1653 2547 1807 2581 accuses

319 2594 496 2629 d'avidite
518 2607 587 2640 par
607 2595 641 2628 Ia
662 2607 817 2628 rnmeur
831 2594 1025 2640 publique.
1048 2595 1152 2628 Dans
1174 2595 1208 2628 le
1230 2597 1365 2640 proces
1388 2595 1433 2628 de
1455 2595 1621 2640 l’eveque
1655 2595 1699 2627 de
1735 2595 1805 2628 Pa-

318 2643 446 2680 miers.
471 2655 520 2675 uu
542 2642 683 2676 temoin
706 2648 884 2688 rapporta
906 2642 995 2688 qu'il
1017 2643 1115 2676 avait
1136 2643 1300 2676 entendu
1322 2642 1402 2676 dire
1424 2643 1443 2676 a
1463 2642 1621 2676 l'accuse'
1640 2654 1646 2674 ι
1672 2655 1690 2674 (<
1707 2643 1806 2688 quod

318 2690 382 2724 isti
402 2690 537 2724 Gallici
560 2696 648 2723 sunt
666 2691 711 2723 de
734 2691 865 2735 pulcro
882 2689 1038 2723 introitu
1061 2691 1159 2723 etde
1183 2691 1278 2723 malo
1298 2690 1410 2730 exitu,
1440 2695 1475 2723 et
1497 2690 1595 2735 quod
1630 2690 1806 2723 dominus

319 2739 455 2771 Petrus
475 2738 581 2771 Flote
597 2737 690 2771 nihil
713 2738 787 2772 nisi
808 2737 1031 2771 muneribus
1051 2737 1226 2782 [faciebat
1247 2750 1264 2770 »
1288 2738 1450 2783 (Dupuy,
1474 2738 1628 2770 Preuvcs
1655 2736 1707 2770 du
1727 2737 1806 2782 Dif-

317 2783 506 2830 fe'rend,...
530 2797 564 2831 p.
590 2786 683 2830 632).
707 2785 767 2819 On
786 2785 958 2831 pourrait
978 2785 1071 2819 citer
1093 2785 1159 2819 des
1181 2791 1300 2823 textes
1319 2785 1524 2830 analogues
1541 2796 1605 2818 sur
1622 2784 1802 2830 Nogaret,

321 2832 485 2878 Marigni
506 2838 542 2867 et
563 2833 617 2867 les
639 2839 780 2876 autres,
