1942 3242
384 215 443 246 114
929 213 1112 246 PIERRE
1142 213 1335 247 DUBOIS.

383 314 424 346 et
449 305 502 346 de
537 305 850 362 reformatione
876 314 1016 345 status
1052 305 1318 348 universalis
1348 306 1578 363 reipublice
1607 307 1877 351 christicola-

383 374 499 417 νιιηι1
520 392 530 427 ;
556 391 643 433 que
671 391 761 416 non
783 374 941 433 scripsi
964 375 1068 433 quia
1089 375 1318 418 crederem
1346 375 1564 428 sufficere,
1596 378 1674 420 sed
1697 390 1746 422 ut
1766 396 1874 438 pru-

382 446 594 489 dentibus
622 458 667 488 et
693 446 886 504 expertis
916 446 1194 489 occasionem
1232 447 1381 489 darem
1411 464 1522 506 opus
1555 449 1801 506 perfectum
1828 451 1872 493 in

379 518 464 560 hiis
492 529 536 560 et
562 517 658 560 aliis
681 517 735 560 ad
750 518 831 560 hec
859 517 1193 560 conferentibus
1220 518 1480 561 fabricandi.
1506 545 1564 551 —
1586 522 1727 564 Pauca
1755 521 1871 564 enim

379 589 423 631 in
451 591 535 632 hoc
557 589 719 632 mondo
749 600 1080 632 consueverunt
1106 589 1165 632 ita
1187 590 1299 632 bene
1323 589 1418 632 fieri
1441 590 1549 648 quin
1570 603 1754 649 possent
1778 593 1872 635 fieri

377 673 421 704 et
454 661 652 704 ordinari
686 660 818 703 modo
852 660 1106 719 perfectiori
1143 672 1187 703 et
1213 661 1531 714 commodiori;
1569 663 1872 720 quod'videre

375 744 522 791 potest
543 732 751 775 dominus
771 748 862 783 rex,
888 732 1212 775 considerando
1235 744 1402 791 quanto
1424 733 1571 775 minus
1589 750 1634 776 se
1649 751 1870 794 suumque

374 805 591 863 populum
621 815 845 863 gravasset
878 803 1188 863 obstagiando,
1229 804 1262 846 si
1305 804 1489 846 servicia
1521 821 1744 848 armorum
1785 806 1868 849 sibi

374 875 521 918 debita
550 891 639 917 non
667 891 789 917 more
812 875 958 925 solito,
984 875 1062 917 sed
1090 886 1139 917 ut
1160 875 1363 934 sequitur
1385 875 1642 934 exegisset?

105 1029 351 1074 „elafflorme'dnu
431 1010 601 1062 [LXXVI]
633 1005 749 1051 121.
775 1006 955 1048 Certum
978 1016 1044 1047 est
1072 1005 1192 1063 quod
1219 1022 1442 1048 armorum
1472 1006 1655 1049 servicia
1681 1018 1865 1066 propter

138 1075 241 1093 ⁵⁰‘v¹⁰⁶
281 1069 349 1094 ‘⁰¹¹¹'
371 1078 496 1138 regni
525 1077 831 1120 defensionem
854 1076 1035 1119 fuerunt
1051 1088 1213 1119 statuta
1235 1093 1370 1135 super
1391 1079 1555 1135 majora
1575 1089 1618 1120 et
1645 1078 1862 1121 nobiliora

137 1102 203 1128 taire
229 1103 294 1130 dans
324 1104 349 1131 le

136 1147 263 1201 ἓῖζᾞζῒθ
315 1140 348 1167 ‘¹⁸
370 1150 522 1202 feoda;
553 1149 675 1208 quod
703 1148 935 1190 servicium
966 1159 1032 1190 est
1054 1147 1277 1190 ordinaria
1304 1149 1518 1206 prestatio
1540 1149 1861 1206 patrimonialis

370 1221 517 1264 debita
539 1238 560 1263 a
583 1236 852 1279 quocunque
875 1219 1050 1262 feodum
1073 1230 1269 1270 tenente,
1288 1236 1367 1278 per
1384 1231 1608 1262 tenentem
1632 1232 1706 1263 aut
1727 1221 1860 1263 alium

367 1294 588 1352 ydoneum
614 1291 852 1351 prestanda
875 1302 918 1333 et
939 1291 1168 1343 facienda3
1195 1307 1283 1333 non
1307 1291 1550 1342 annuatim,
1576 1292 1654 1334 sed
1680 1292 1859 1335 demum

367 1382 467 1407 cum
502 1363 765 1406 neccessitas
798 1363 882 1405 hoc
919 1362 1131 1420 exposcit.
1175 1363 1230 1404 Et
1263 1362 1366 1420 quia
1394 1378 1484 1404 non
1515 1363 1658 1405 solum
1692 1363 1858 1406 domini

413 1492 446 1524 1.
475 1490 649 1524 Allusion
671 1501 717 1523 au
738 1490 788 1522 De
810 1487 1059 1522 abreviatione
1081 1487 1126 1520 de
1146 1489 1250 1522 1300.
1273 1487 1382 1522 Voici
1403 1487 1437 1521 le
1459 1499 1620 1533 passage
1642 1489 1688 1522 de
1717 1500 1758 1522 ce
1778 1489 1857 1522 me-

364 1539 482 1572 moire
505 1538 583 1583 (fol.
609 1539 649 1572 10
670 1536 724 1581 v0)
745 1537 793 1570 ou
814 1536 975 1569 l'auteur
995 1535 1093 1568 avait
1107 1546 1152 1568 en
1165 1535 1252 1568 effet
1267 1536 1349 1580 deja
1371 1536 1510 1581 expose
1529 1535 1636 1569 l'idee
1658 1536 1858 1581 presentee

363 1587 457 1620 dans
479 1586 534 1619 les
555 1585 769 1630 §119-120:
792 1597 810 1616 «
832 1583 871 1617 Si
891 1582 976 1629 quis
997 1589 1165 1628 opponat
1183 1583 1284 1628 quod
1307 1588 1431 1616 vestra
1458 1583 1561 1628 regia
1595 1584 1772 1629 majestas
1801 1589 1857 1618 tot

362 1640 398 1667 et
419 1639 522 1667 tanta
543 1632 817 1679 aggredienS...
842 1642 970 1676 pacem
995 1630 1135 1663 habere
1154 1643 1228 1663 nou
1252 1635 1396 1676 posset,
1429 1630 1655 1676 responderi
1682 1636 1854 1676 potest...

362 1682 463 1728 quod
485 1680 717 1714 contrarium
735 1691 803 1725 per
821 1678 890 1712 Dei
912 1678 1076 1723 graciam
1099 1690 1226 1711 verum
1247 1678 1331 1718 erit,
1356 1678 1442 1723 quia
1463 1691 1530 1711 vos
1552 1678 1682 1723 plures
1702 1678 1851 1718 fratres,

361 1729 475 1770 filios,
493 1735 652 1774 nepotes
664 1733 702 1760 et
722 1727 817 1761 alios
833 1726 1024 1772 proximos
1039 1725 1186 1759 habetis
1202 1732 1237 1758 et
1254 1725 1455 1765 habebitis,
1477 1738 1572 1772 quos
1591 1737 1673 1759 cum
1688 1725 1852 1759 multitu·

361 1778 447 1810 dine
469 1777 629 1811 militum
650 1782 685 1809 et
706 1773 838 1820 populi
856 1773 1042 1807 bellorum
1062 1779 1274 1807 vestrorum
1302 1773 1416 1806 duces
1446 1779 1482 1806 et
1513 1772 1704 1818 principes
1738 1773 1851 1807 sacie-

359 1825 421 1864 tis,
442 1829 682 1858 remanentes
703 1823 740 1856 in
757 1828 856 1855 terra
872 1827 997 1855 vestra
1012 1821 1189 1861 naturali,
1210 1820 1417 1854 liberorum
1436 1820 1701 1866 procreationi!
1721 1832 1852 1855 eorum

359 1872 591 1911 educacioni,
615 1869 870 1908 instructioni,
890 1869 1118 1902 exercituum
1138 1868 1395 1914 preparationi
1410 1868 1589 1908 vacando,
1607 1868 1653 1901 ad
1669 1868 1851 1902 honorem

358 1920 428 1953 Dei
445 1920 507 1966 qui
529 1926 587 1953 est
607 1931 694 1952 vera
711 1917 877 1962 justicia,
896 1917 960 1963 qui
977 1916 1079 1961 justa
1099 1916 1278 1949 facientes
1302 1928 1392 1949 suos
1413 1915 1499 1949 facit
1520 1916 1619 1949 filios
1637 1915 1783 1960 judicii.
1806 1936 1850 1942 --

359 1967 397 2001 Si
419 1969 503 2013 quis
525 1973 660 2012 arguat
680 1966 751 1999 iste
787 1965 922 1998 modus
944 1964 1100 2010 regendi
1123 1970 1180 1997 est
1202 1964 1295 1997 alias
1317 1963 1522 2002 inauditus,
1562 1975 1653 2008 ergo
1686 1976 1762 1997 nou
1792 1970 1850 1997 est

357 2015 569 2061 eligendus,
597 2026 668 2047 nec>
686 2018 842 2059 propter
874 2013 999 2057 ipsum
1030 2011 1282 2045 recedendum
1316 2011 1362 2044 ab
1394 2011 1467 2044 hiis
1498 2022 1568 2056 que
1597 2011 1749 2044 fuerunt
1781 2023 1849 2057 per

356 2063 507 2108 longam
529 2061 679 2095 vivendi
700 2060 1013 2094 consuetudinem
1046 2058 1268 2105 approbata,
1305 2059 1520 2103 respondeo
1539 2071 1545 2091 z
1582 2070 1667 2104 ymo
1706 2058 1848 2104 legitur

356 2111 562 2144 nonnullos
582 2120 760 2143 romanos
776 2108 1031 2152 Imperatores
1054 2107 1106 2140 sic
1129 2106 1404 2152 quamplurima
1423 2105 1552 2139 mundi
1573 2117 1687 2151 regna
1720 2112 1756 2139 et
1777 2106 1848 2140 cli-

356 2164 450 2192 mata
474 2157 723 2204 gubernasse.
745 2167 762 2188 »
786 2154 933 2188 Dubois
956 2154 1039 2193 cite,
1064 2156 1175 2199 apres
1206 2154 1399 2199 l'exemple
1428 2154 1494 2187 des
1527 2165 1748 2198 empereurs
1781 2165 1845 2188 ro-

354 2206 488 2246 mains,
512 2205 609 2238 celui
628 2204 677 2237 du
698 2203 755 2236 roi
776 2203 842 2235 des
864 2203 1042 2235 Tartares
1062 2201 1286 2246 (ci-dessus,
1309 2214 1346 2246 p.
1370 2202 1424 2239 18,
1444 2206 1531 2234 note
1554 2200 1602 2245 1).
1622 2219 1662 2226 -
1680 2199 1844 2247 Compa-

353 2266 416 2287 rez
437 2254 491 2287 les
512 2254 530 2298 ξ
550 2254 615 2287 118
635 2252 700 2297 (au
719 2250 862 2294 debut),
885 2250 950 2284 139
972 2254 1008 2282 et
1024 2249 1091 2283 140
1114 2249 1163 2282 du
1184 2251 1233 2282 Dc
1251 2248 1528 2295 recuperatione
1551 2248 1759 2282 lui-meme.

401 2303 433 2334 2.
465 2301 571 2335 Cette
593 2300 731 2345 phrase
763 2304 840 2332 sert
872 2298 891 2330 a
922 2297 1082 2330 l'auteur
1112 2297 1157 2329 de
1186 2296 1390 2330 transition
1425 2295 1646 2341 (transition
1675 2294 1845 2341 penible)

352 2361 449 2394 pour
470 2359 604 2394 passer
626 2347 692 2380 des
713 2346 849 2379 choses
869 2344 969 2378 dela
995 2343 1179 2390 politique
1212 2343 1421 2377 exterieure
1460 2355 1530 2376 aux
1563 2343 1699 2377 choses
1732 2344 1777 2377 de
1807 2343 1842 2377 la

352 2396 535 2442 politique
552 2394 820 2428 interieure'de
842 2392 876 2426 la
892 2392 1048 2425 France.
1072 2391 1123 2424 Le
1144 2393 1194 2425 De
1215 2390 1465 2425 abreviatione
1481 2391 1525 2424 de
1550 2392 1639 2425 1300
1659 2395 1716 2424 est
1745 2389 1842 2423 ainsi

352 2444 472 2477 divise
493 2455 538 2476 en
561 2444 657 2475 deux
679 2441 833 2487 parties.
857 2440 960 2473 Dans
995 2439 1028 2473 la
1062 2439 1260 2484 premiere,
1295 2439 1321 2472 il
1344 2438 1457 2472 laisse
1491 2437 1682 2472 entrevoir
1709 2437 1729 2470 a
1757 2437 1840 2471 Phi-

350 2491 451 2536 lippe
471 2491 504 2524 le
523 2490 587 2523 Bel
611 2490 645 2523 la
667 2488 902 2534 perspective
922 2487 966 2520 de
982 2486 1015 2519 la
1044 2486 1278 2520 domination
1309 2486 1558 2525 uuiverselle;
1592 2490 1687 2519 cette
1720 2485 1839 2530 partie

350 2539 584 2583 correspoud
607 2541 836 2570 exactement
852 2547 921 2569 aux
935 2536 952 2578 ξ
971 2535 1120 2568 110-130
1136 2535 1184 2567 du
1197 2534 1306 2568 traite
1319 2545 1390 2579 quc
1407 2546 1503 2566 nous
1518 2532 1696 2578 publions
1708 2531 1769 2565 ici.
1787 2531 1837 2565 La

351 2586 514 2619 seconde
536 2590 594 2618 est
614 2583 830 2620 consacree,
849 2583 942 2616 dans
964 2595 1012 2614 un
1036 2582 1156 2627 esprit
1177 2581 1314 2614 hostile
1333 2594 1377 2614 au
1405 2581 1542 2626 clerge‚
1575 2580 1595 2613 ὲ
1624 2580 1658 2613 la
1679 2579 1838 2625 critique

349 2634 393 2666 de
416 2630 910 2678 l'organisationjudiciaire
926 2630 974 2662 du
990 2642 1169 2674 royaume
1183 2629 1227 2662 de
1247 2629 1402 2668 France,
1421 2634 1468 2667 et,
1489 2626 1835 2667 subsidiairement‚

348 2682 367 2714 a
389 2681 480 2714 celle
498 2681 547 2713 du
562 2680 704 2725 regime
726 2677 933 2711 monetaire
951 2677 1134 2722 inaugure
1165 2689 1232 2722 par
1255 2676 1427 2721 Philippe
1449 2675 1482 2708 le
1508 2674 1574 2708 Bel
1594 2687 1600 2714 ;
1625 2674 1679 2707 les
1704 2674 1721 2718 §
1748 2675 1836 2708 121-

349 2730 415 2764 136
437 2729 482 2762 de
492 2734 600 2760 notre
622 2726 732 2760 traite'
750 2738 773 2772 y
791 2726 872 2758 font
893 2725 1078 2770 pendant;
1102 2724 1127 2757 il
1149 2737 1172 2770 y
1187 2729 1244 2757 est
1257 2723 1360 2769 parle
1377 2724 1442 2756 des
1462 2722 1563 2755 vices
1586 2722 1631 2755 de
1653 2721 1835 2768 l'organi-

348 2776 470 2810 sation
506 2774 681 2808 militaire
721 2774 771 2806 du
806 2784 985 2818 royaume
1025 2772 1069 2805 de
1110 2771 1265 2811 France,
1307 2776 1354 2810 et,
1395 2769 1743 2810 subsidiairement‚
1788 2769 1833 2803 de

346 2823 573 2857 l'alteration
595 2823 662 2856 des
683 2820 893 2855 monnaies.
