1942 3242
314 212 355 244 86
856 212 1038 244 PIERRE
1069 214 1261 246 DUBOIS.

316 300 411 342 deri
431 300 631 358 precepit
657 300 872 342 Dominus
893 301 1030 343 tribui
1052 303 1170 353 Levi,
1190 303 1356 362 absque
1383 303 1468 345 hoc
1493 303 1612 361 quod
1645 311 1806 345 sortem

314 372 514 422 haberet,
531 371 636 414 licet
657 371 794 430 magis
822 372 918 414 aliis
938 382 1181 416 mereretur
1206 374 1251 416 in
1281 373 1526 417 hereditate
1556 383 1802 433 parentum.

318 443 367 486 Si
399 459 451 485 ex
488 443 740 501 provisione
770 443 956 486 ecclesie
995 445 1212 487 haberent
1246 462 1404 503 panem
1437 454 1480 488 et
1516 446 1680 496 vinum,
1709 461 1807 488 cum

315 515 511 557 vestibus
545 522 587 556 et
620 514 917 557 calciamentis
954 514 1290 567 sufficientibus,
1329 517 1516 559 casualia
1557 516 1809 559 sufficerent

317 585 463 644 quoad
483 594 643 636 cetera,
667 594 715 627 ut
729 585 917 637 videtur,
937 587 1226 630 consideratis
1243 589 1540 630 eminentibus
1569 588 1805 646 sapiencia,

316 657 559 715 prudencia
586 665 629 699 et
656 657 934 715 experiencia
962 658 1209 716 aliquorum
1232 659 1285 701 de
1307 659 1538 701 ordinibus
1560 659 1808 702 mendican-

316 728 451 770 tibus.
483 730 573 771 Hec
599 728 799 787 tetigisse
822 727 1022 779 sufficiat,
1047 730 1286 787 prestando
1308 731 1443 773 solam
1465 731 1740 773 occasionem
1755 731 1809 774 ad

317 800 400 841 hoc
422 807 465 841 et
485 807 668 857 propter
688 800 772 842 hoc
794 799 1028 842 efficaciter
1045 801 1284 860 cogitandi.
1300 802 1477 844 Utinam
1492 802 1809 860 prudenciores

318 886 485 921 eorum,
509 871 620 912 mala
647 879 690 913 et
711 871 825 913 bona
846 887 931 929 que
950 887 1003 913 ex
1029 888 1180 914 eorum
1202 881 1459 931 paupertate
1482 881 1690 915 secuntur
1705 890 1810 932 pon-

319 941 539 991 derantes,
568 942 782 984 tuciorem
809 951 978 1000 partem
994 943 1214 1002 eligendo,
1244 945 1383 1002 ipsam
1411 945 1455 986 in
1475 945 1665 987 concilio
1688 947 1810 1003 juxta

319 1029 418 1055 suas
437 1014 738 1055 consciencias
759 1014 1045 1072 explicarent,
1070 1023 1118 1056 ut
1145 1031 1278 1073 super
1305 1015 1463 1058 futuris
1491 1017 1672 1058 incertis
1695 1016 1810 1074 judi-

319 1100 422 1126 cans
450 1101 621 1127 sacrum
649 1085 886 1128 concilium
914 1085 1033 1144 quod
1055 1085 1168 1128 foret
1189 1087 1408 1129 salubrius
1429 1087 1671 1130 ordinaret.

50 1242 166 1283 Affaireg
183 1242 216 1268 de
233 1244 297 1268 eas-
378 1231 504 1281 [an]
536 1227 651 1273 103.
685 1227 865 1271 Sedatio
893 1244 995 1271 vero
1022 1245 1182 1288 guerre
1200 1229 1462 1288 jampridem
1484 1231 1600 1272 inter
1623 1231 1810 1274 heredes

143 1277 207 1304 [ὥθ’
318 1299 445 1357 regni
487 1298 700 1341 Castelle¹
751 1308 867 1341 mote
914 1300 950 1341 si
995 1300 1039 1342 in
1090 1301 1278 1342 concilio
1336 1301 1626 1351 omitteretur,
1677 1304 1810 1345 Terre

321 1370 480 1412 Sancte
502 1370 882 1428 recuperationem
909 1379 951 1412 et
979 1372 1356 1414 conservationem
1384 1381 1534 1430 posset
1558 1373 1683 1415 valde
1710 1389 1810 1431 gra-

316 1441 428 1483 viter
455 1442 698 1500 impedire3
725 1458 858 1500 super
893 1459 979 1500 quo
1009 1459 1181 1485 causam
1220 1444 1427 1501 injustam
1460 1445 1632 1487 notorie
1672 1444 1810 1487 fertur

317 1513 481 1555 habere
509 1514 585 1571 qui
611 1530 794 1572 regnum
819 1514 1002 1563 detinet,
1034 1515 1240 1572 quoniam
1262 1516 1586 1558 matrimonium
1603 1516 1683 1558 fuit
1709 1532 1809 1558 con·

317 1592 506 1626 tractum
534 1585 649 1627 inter
682 1585 820 1626 filium
847 1586 1192 1644 primogenitum
1233 1587 1349 1645 regis
1389 1588 1464 1644 qui
1504 1587 1549 1628 in
1589 1587 1808 1630 discordia

318 1655 400 1697 fuit
426 1655 471 1697 in
499 1656 809 1714 imperatorem
835 1656 1001 1698 electus
1024 1665 1067 1698 et
1094 1657 1227 1699 filiam
1257 1658 1407 1700 Sancti
1436 1657 1643 1700 Ludovici
1671 1661 1808 1702 Fran-

317 1743 468 1768 corum
496 1727 634 1785 regis;
660 1727 974 1770 concordatum
1009 1728 1090 1770 luit
1119 1736 1162 1770 et
1193 1737 1334 1770 actum
1362 1746 1441 1787 per
1467 1730 1611 1787 ipsum
1638 1746 1803 1788 regem,

317 1798 443 1857 regni
465 1799 532 1840 sui
559 1799 768 1856 prelatos,
800 1807 843 1841 et
863 1800 1068 1850 barones,
1099 1799 1217 1858 quod
1245 1800 1280 1842 si
1301 1800 1417 1842 idem
1439 1800 1553 1842 filius
1570 1801 1806 1844 decederet

317 1878 417 1911 ante
444 1878 629 1927 patrem,
654 1870 783 1912 liberi
812 1871 878 1912 sui
907 1871 1196 1913 succederent
1223 1872 1268 1913 in
1290 1887 1455 1930 regno3
1498 1881 1650 1914 contra
1678 1888 1806 1930 quam

315 1941 667 1990 conventionem,
697 1957 778 1983 nec
798 1958 886 1983 non
914 1950 1065 1984 contra
1088 1944 1160 1999 jus
1183 1959 1429 1993 commune,
1465 1943 1606 2001 legem
1635 1951 1806 1986 natura-

313 2011 399 2053 lem
421 2020 464 2053 et
485 2011 689 2062 divinam,
721 2013 837 2054 idem
865 2021 1003 2071 pater,
1030 2013 1119 2055 filio
1142 2022 1330 2064 mortuo,
1365 2014 1529 2056 relictis
1557 2014 1728 2056 duobus
1755 2015 1806 2056 fi-

314 2082 400 2133 liis,
426 2099 528 2125 avus
557 2100 723 2133 eorum,
748 2084 792 2125 in
816 2085 1026 2142 ipsorum,
1054 2101 1130 2126 sue
1153 2085 1458 2127 conventionis
1489 2093 1530 2127 et
1561 2085 1662 2127 fidei
1704 2102 1805 2144 pre-

309 2154 540 2211 judicium,
565 2155 697 2196 alium
718 2155 855 2197 filium
883 2156 1166 2213 superstitem
1189 2157 1414 2198 coronavit
1447 2157 1492 2198 in
1521 2173 1697 2215 regem3
1729 2158 1803 2215 qui

312 2225 374 2266 sic
396 2226 440 2267 in
468 2242 606 2285 regno
624 2228 695 2283 jus
719 2243 807 2272 non
834 2227 982 2278 habet,
1008 2227 1240 2285 ipsumque
1257 2227 1425 2269 detinet
1447 2229 1489 2269 in
1512 2228 1803 2286 prejudicium

312 2296 464 2338 salutis
491 2306 641 2339 eterne
662 2306 749 2339 tam
778 2298 916 2356 ipsius
945 2313 1074 2356 quam
1103 2298 1186 2340 sibi
1223 2298 1552 2349 adherencium,
1583 2300 1627 2341 in
1661 2301 1803 2358 preju-

312 2367 473 2410 dicium
501 2369 593 2411 veri
619 2369 826 2420 heredis3
852 2369 970 2427 quod
996 2377 1082 2411 tam
1115 2374 1246 2428 grave
1277 2378 1522 2427 peccatum,
1559 2387 1637 2428 per
1664 2371 1801 2428 ipsius

358 2526 391 2557 1.
420 2523 616 2569 Alphonse
637 2524 681 2564 X,
706 2524 762 2557 roi
782 2525 826 2557 de
855 2524 1013 2558 Castille
1041 2524 1238 2569 (1252-84)
1267 2524 1330 2570 qui
1353 2524 1407 2557 fut
1428 2524 1562 2569 appele
1592 2524 1610 2557 a
1634 2523 1800 2569 l‘empire

309 2582 354 2604 en
377 2573 479 2608 1257.
505 2572 603 2605 avait
630 2572 745 2605 marie
778 2584 846 2605 son
881 2572 941 2605 fils
970 2573 1053 2605 aine
1077 2572 1293 2605 Ferdinand
1315 2573 1359 2605 de
1385 2572 1417 2605 la
1446 2571 1567 2605 Cerda
1593 2572 1628 2616 (†
1654 2571 1759 2616 1275)
1781 2572 1799 2605 a

308 2618 486 2657 Blanche,
511 2619 587 2652 fille
618 2619 663 2652 de
696 2619 795 2652 saint
816 2619 947 2653 Louis.
972 2619 1044 2652 Les
1075 2619 1216 2652 infants
1239 2619 1337 2652 dela
1369 2619 1489 2652 Cerda
1521 2619 1731 2663 (Alphonse
1764 2626 1800 2652 et

309 2666 552 2711 Ferdiuand),
586 2666 798 2711 depouilles
830 2679 897 2712 par
925 2667 1007 2700 leur
1041 2668 1173 2700 oncle
1184 2666 1328 2700 5ῚιιοΙιε
1363 2667 1413 2700 IV
1445 2666 1800 2711 (1284-95).fi1ent

307 2720 436 2748 contre
458 2714 510 2747 lui
533 2720 569 2747 et
590 2720 719 2747 contre
743 2726 811 2747 son
834 2714 893 2747 fils
914 2714 1128 2748 ferdinand
1152 2714 1201 2749 IV
1216 2716 1342 2768 0295-
1356 2715 1460 2758 1312)
1481 2714 1525 2747 de
1545 2714 1650 2746 vains
1667 2715 1798 2747 ess'orts

307 2774 403 2806 pour
423 2767 615 2795 remontcr
637 2774 702 2795 sur
723 2761 756 2795 le
776 2762 898 2795 trone
934 2761 1081 2795 Dubois
1106 2762 1210 2806 parle
1237 2762 1284 2795 ici
1319 2773 1461 2795 comme
1498 2774 1514 2793 s
1520 2761 1555 2794 'il
1574 2761 1741 2805 ignor-ait
1763 2761 1796 2795 la

306 2815 403 2843 mort
425 2810 469 2842 de
485 2809 628 2843 Sanche
647 2809 694 2843 IV
718 2815 752 2842 et
774 2809 1020 2843 l'avencment
1042 2810 1087 2842 de
1107 2809 1335 2843 Ferdinand
1360 2809 1418 2843 Cf.
1443 2809 1494 2842 ci-
1501 2809 1695 2854 dessousS
1714 2810 1794 2844 116.
