1942 3242
394 205 452 237 DE
485 202 906 238 RECUPERATIONE
933 202 1097 233 TERRE
1130 201 1333 232 SANCTE.
1574 198 1614 230 55

121 304 222 338 ante
246 310 368 353 reges
392 304 434 336 et
454 294 652 352 presides
671 293 806 335 nolite
837 297 1032 350 cogitare
1061 290 1277 350 quomodo
1304 300 1383 332 aut
1415 289 1520 348 quid
1553 290 1610 330 lo-

120 369 319 427 quamini
330 381 347 420 ;
367 365 548 408 dabitur
573 368 685 408 enim
708 364 840 408 vobis.

180 509 264 556 64.
301 509 399 552 Non
421 507 518 558 fuit,
537 523 618 550 nec
634 515 715 557 est,
731 521 812 548 nec
829 506 913 548 erit
930 505 1041 547 alius
1054 505 1220 562 abipso
1237 503 1313 562 qui
1327 510 1498 545 tantum
1514 518 1610 544 mu-

122 597 219 631 nus,
247 587 414 623 tantam
446 579 638 638 graciam
674 577 869 636 potuerit
900 592 982 619 nec
1026 576 1167 635 possit
1203 575 1391 626 donare3
1422 574 1508 633 ipsi
1529 573 1611 616 soli

120 652 266 695 taliter
310 659 556 694 reservatur
600 657 794 708 potestas
840 664 1102 706 quecunque
1147 646 1357 689 miracula
1402 645 1607 688 faciendi.

109 723 339 779 Quoniam
366 722 406 764 ei
445 721 582 764 nichil
610 729 676 763 est
703 719 978 778 impossibile
1012 718 1131 777 quod
1163 734 1258 760 esse
1285 718 1426 776 possit
1459 733 1610 759 secun-

121 795 223 837 dum
250 809 397 836 rerum
418 801 644 844 naturam3
685 792 893 850 quoniam
922 806 1010 832 non
1044 798 1190 848 potest
1220 789 1363 832 facere
1387 788 1506 847 quod
1533 789 1612 830 ali-

122 865 229 925 quid
250 865 306 908 sit
331 881 410 907 ens
431 873 474 906 et
495 880 585 906 non
609 880 687 919 ens
710 863 855 912 simul,
879 863 963 904 hoc
991 870 1072 912 est,
1114 861 1234 920 quod
1255 861 1339 903 due
1368 854 1612 903 contradic-

120 937 232 980 torie
271 936 599 995 propositiones
642 935 730 976 sint
769 934 897 976 simul
940 950 1058 984 vere,
1107 933 1225 975 idem
1269 933 1314 974 in
1361 932 1610 981 contrariis,

123 1016 334 1067 quantum
369 1007 423 1050 ad
460 1007 720 1058 veritatem3
758 1021 840 1048 nec
878 1021 967 1047 non
1007 1013 1050 1047 et
1090 1004 1208 1063 quod
1239 1020 1392 1046 omnes
1414 1011 1613 1045 creature

123 1095 207 1138 que
235 1087 338 1121 sunt
358 1087 401 1121 et
421 1078 599 1121 fuerunt
619 1094 699 1136 per
718 1094 764 1119 se
791 1092 879 1119 non
907 1085 1089 1135 possent
1110 1076 1336 1118 minimum
1364 1075 1506 1117 facere
1532 1075 1614 1116 mi-

125 1150 336 1200 raculum,
362 1150 424 1192 sic
452 1152 570 1192 Deus
591 1150 872 1208 omnipotens
899 1148 1158 1190 miraculose
1181 1147 1302 1189 dedit
1322 1146 1614 1206 predicatori-

122 1223 204 1265 bus
226 1238 336 1281 quos
358 1221 493 1281 elegit
520 1229 561 1263 et
583 1221 702 1263 misit
728 1237 807 1279 per
834 1220 1086 1262 universum
1113 1220 1265 1262 orbem
1293 1219 1499 1261 noticiam
1520 1234 1613 1260 om-

122 1294 243 1336 nium
264 1293 530 1352 linguarum,
561 1301 604 1335 et
624 1300 887 1351 potestatem
909 1290 1121 1350 loquendi
1143 1290 1384 1333 secundum
1411 1306 1483 1332 eas
1510 1306 1558 1332 ac
1577 1290 1613 1331 si

122 1365 214 1407 nati
246 1364 433 1407 fuissent
466 1364 520 1406 de
553 1364 739 1423 singulis
778 1363 1052 1422 regionibus,
1096 1362 1150 1405 ad
1183 1363 1301 1404 hunc
1330 1362 1461 1404 finem
1495 1361 1614 1420 quod

122 1445 413 1494 procurarent
443 1451 594 1478 omnes
626 1435 840 1493 baptizari
867 1443 910 1476 et
943 1434 1140 1484 credere,
1172 1442 1214 1476 et
1254 1436 1386 1476 Petro
1419 1433 1613 1492 principi

120 1507 435 1565 Apostolorum
467 1506 665 1556 obedire,
705 1506 900 1549 omnium
940 1505 1215 1548 credentium
1249 1521 1378 1547 unam
1411 1504 1612 1547 faciendo

119 1578 452 1637 rempublicam.

179 1721 263 1768 65.
293 1724 439 1776 Quare
461 1737 690 1764 successor
702 1721 839 1770 Petri,
865 1720 1031 1762 Christi
1052 1719 1241 1762 vicarius
1254 1727 1297 1761 et
1315 1734 1393 1776 pre
1409 1718 1612 1760 omnibus

119 1794 328 1843 imitator,
369 1793 444 1851 qui
477 1809 565 1834 non
593 1801 739 1851 potest
766 1792 912 1834 subito
943 1791 1204 1833 miraculose
1239 1790 1342 1832 dare
1379 1789 1608 1833 senencias,

120 1865 328 1907 noticiam
362 1865 610 1923 linguarum
645 1872 687 1906 et
724 1863 973 1906 facultatem
1010 1862 1251 1904 secundum
1294 1877 1513 1919 quamque
1546 1860 1612 1902 lo-

120 1935 285 1994 quendi
307 1951 395 1977 non
417 1935 683 1993 providebit,
707 1951 760 1977 ex
789 1951 876 1992 quo
904 1933 1154 1976 ostenditur
1175 1933 1215 1975 ei
1230 1949 1320 1974 non
1348 1932 1487 1974 solum
1508 1948 1611 1990 pos-

62 2003 65 2006 ’
121 2006 263 2048 sibilis
290 2007 421 2048 immo
447 2006 532 2048 sibi
558 2006 713 2056 facilis,
745 2022 833 2048 non
854 2014 1152 2064 sumptuosus,
1183 2020 1442 2063 parumque,
1467 2003 1612 2062 quoad

120 2077 280 2135 ipsum,
305 2077 551 2119 laboriosus
580 2077 735 2119 modus
764 2077 953 2119 faciendi
980 2077 1033 2119 de
1061 2076 1289 2134 discipulis
1317 2076 1490 2134 linguas
1518 2091 1610 2117 om-

121 2149 241 2191 nium
265 2149 507 2191 scientibus
533 2157 575 2191 et
596 2149 948 2208 intelligentibus
971 2165 1018 2190 ac
1042 2148 1341 2206 loquentibus,
1365 2155 1413 2188 ut
1440 2147 1610 2189 mittan-

120 2229 191 2262 tur
213 2219 266 2262 ad
287 2219 604 2278 predicandum
623 2239 631 2272 ;
657 2228 699 2262 et
727 2228 871 2262 cetera
893 2220 1090 2262 subsidia
1117 2219 1203 2261 illis
1226 2219 1385 2277 quibus
1415 2218 1610 2276 predica-

122 2292 232 2334 bunt
253 2291 537 2349 expediencia
561 2308 649 2334 non
666 2291 806 2334 solum
822 2292 967 2350 quoad
982 2292 1146 2334 animas
1168 2291 1300 2332 immo
1317 2290 1447 2332 etiam
1466 2290 1610 2348 quoad

121 2379 307 2421 corpora
334 2363 614 2405 faciendum?
645 2363 712 2405 Ad
746 2379 830 2421 que
852 2363 1068 2405 medicina
1096 2371 1139 2404 et
1167 2363 1367 2421 cerurgia
1400 2362 1610 2419 precipue

120 2434 388 2493 expediunt3
419 2435 542 2491 cujus
569 2435 833 2492 provisionis
860 2443 903 2476 et
923 2434 1185 2492 previsionis
1209 2433 1343 2475 actori
1373 2441 1415 2474 et
1438 2433 1610 2475 ordina-

119 2506 206 2547 tori
233 2505 444 2554 creditur,
475 2505 577 2547 licet
605 2521 692 2547 non
713 2505 912 2563 perficiat
939 2513 982 2547 et
1008 2505 1194 2563 attingat
1228 2504 1283 2547 ad
1310 2504 1438 2546 finem
1471 2505 1610 2546 inten—

120 2583 212 2618 tum
239 2576 433 2634 perfecte
461 2576 637 2618 unionis
665 2576 1016 2618 christicolarum
1050 2577 1094 2618 in
1131 2576 1217 2618 fide
1256 2584 1298 2617 et
1331 2575 1606 2625 obediencia,

122 2662 331 2690 summam
359 2648 757 2690 remunerationem
778 2647 1032 2690 eternaliter
1056 2647 1318 2695 faciendum,
1351 2646 1497 2688 divina
1530 2647 1610 2688 mi-

123 2718 361 2761 sericordia
399 2719 682 2778 principium,
726 2718 916 2761 medium
956 2727 998 2761 et
1043 2719 1173 2761 finem
1221 2718 1367 2778 operis
1406 2734 1610 2761 consum-

122 2796 280 2832 mante.

1633 513 1671 538 Du
1688 511 1739 537 don
1758 510 1806 538 dns
1821 511 1877 538 lan-

1717 556 1794 582 guen.
