1942 3242
26 751 208 786 Enseignem
216 760 229 777 e
237 760 253 777 u
261 755 272 777 t

60 786 216 814 seeondaire
245 791 273 813 et

60 823 210 859 tuperieur.
221 824 273 849 Νό-

60 859 156 886 ‹ze-site
163 858 196 885 de
205 867 273 886 com-

61 903 140 930 poser
154 895 201 922 des
215 904 272 921 mu-

61 931 137 957 nuels
168 936 196 958 et
225 931 273 958 des

61 966 186 1003 abreges.

288 218 328 251 60
833 220 1016 252 PIERRE
1044 220 1237 253 DUBOIS.

287 309 529 369 peregisse.
559 311 678 352 Inter
706 325 791 369 que
817 310 1046 368 premissa,
1076 310 1219 368 pueri,
1243 318 1374 369 prout
1400 326 1551 353 eorum
1573 311 1776 355 doctores

287 380 479 424 viderint
514 381 737 440 expedire,
773 381 1029 424 Doctrinale
1059 381 1254 432 audiant,
1290 382 1496 440 quatinus
1529 383 1685 424 attinet
1722 381 1778 424 ad

290 452 607 495 declinationes
629 453 856 496 nominum
883 461 926 495 et
965 453 1216 504 verborum,
1241 461 1284 495 et
1305 452 1459 495 ultimo
1481 453 1773 504 Grecismum,

289 524 349 566 ita
377 523 495 583 quod
516 540 693 567 sensum
719 524 954 567 litteralem
982 525 1175 567 breviter
1208 524 1600 583 comprehendant,
1634 525 1680 568 in
1711 540 1777 570 so-

290 595 622 655 lempnitatibus
649 596 745 639 aliis
767 595 1016 640 nullatenus
1037 595 1329 640 insistentes¹.

351 743 489 794 [XLVI]
525 739 606 784 72.
638 740 809 795 Quibus
841 739 902 781 sic
925 739 1115 798 peractis
1136 740 1264 798 pueri
1285 749 1455 783 mutent
1485 740 1645 791 locum,
1671 748 1715 783 et
1733 740 1779 783 in

293 811 377 854 alio
399 811 545 854 studio
561 812 606 853 in
621 811 882 870 logicalibus
905 811 1119 869 incipiant
1142 811 1307 862 doceri,
1327 812 1544 870 simulque
1566 812 1610 854 in
1627 827 1776 871 greco,

294 883 469 926 arabico
495 883 562 925 vel
590 883 676 925 alio
696 883 915 942 ydiomate
943 882 1063 941 quod
1090 883 1339 941 provisores
1366 883 1573 926 duxerint
1605 883 1776 943 eligen-

295 953 413 1005 dum,
443 955 489 997 in
517 955 683 997 lectura
705 957 829 1013 cujus
849 954 1082 1014 ydiohmatis
1110 954 1226 1005 novi,
1258 955 1302 996 in
1323 955 1522 1013 figuratis
1547 955 1779 998 vocabulo·

293 1041 390 1068 rum
443 1035 486 1068 et
523 1026 800 1069 ordinatione
845 1026 1037 1076 illorum,
1087 1025 1231 1084 quoad
1275 1026 1588 1086 gramaticalia,
1638 1026 1780 1085 primo

294 1096 562 1150 doceantur3
610 1098 655 1140 in
700 1098 843 1157 logica
886 1105 1097 1140 tractatus
1137 1097 1331 1148 audiant,
1373 1106 1416 1140 et
1454 1097 1691 1140 summulas
1724 1098 1780 1140 ob

294 1184 445 1211 eorum
461 1169 784 1228 expositionem
797 1169 1018 1211 confectas
1043 1187 1052 1221 ;
1071 1177 1333 1227 procuretur
1354 1169 1473 1228 quod
1487 1185 1566 1228 per
1588 1169 1779 1227 aliquem

293 1241 339 1283 in
368 1241 450 1283 hac
478 1249 569 1283 arte
597 1241 840 1300 sapientem
873 1241 1126 1283 extrahatur
1153 1241 1215 1283 eis
1249 1241 1442 1283 breviter
1475 1249 1518 1282 et
1547 1240 1677 1299 plane
1711 1256 1780 1283 ars

294 1313 339 1356 in
367 1313 565 1371 quolibet
592 1312 706 1355 libro
732 1312 907 1372 logicali
940 1328 1020 1370 per
1047 1312 1366 1370 Philosophum
1401 1313 1588 1354 obscure
1620 1311 1781 1354 tradita

295 1392 338 1427 et
358 1385 560 1427 subcinte
586 1392 634 1426 ut
652 1392 753 1443 post
771 1392 982 1426 tractatus
1003 1383 1122 1426 illam
1143 1392 1281 1426 artem
1299 1384 1491 1434 brevem,
1517 1383 1782 1441 scriptorum

295 1456 570 1514 expositione
611 1472 698 1498 non
742 1464 960 1515 egentem,
998 1455 1177 1498 audiant
1216 1455 1283 1497 bis
1316 1454 1383 1497 vel
1419 1463 1487 1497 ter
1526 1455 1571 1496 in
1609 1454 1782 1496 modico

293 1536 508 1586 tempore,
555 1527 836 1586 postmodum
877 1526 1014 1569 libros
1066 1526 1243 1569 audiant
1280 1527 1414 1568 semel
1460 1526 1778 1584 sollempniter.

295 1599 425 1654 Quod
458 1600 519 1641 sic
554 1599 708 1658 perfici
745 1599 928 1641 deberet
960 1598 1074 1640 infra
1113 1606 1300 1656 quatuor
1346 1598 1562 1640 decimum
1602 1613 1778 1640 annum.

295 1672 417 1714 Tunc
450 1671 665 1729 incipiant
705 1670 855 1712 audire
884 1669 1127 1712 naturalem
1157 1670 1408 1720 scienciam,
1441 1677 1623 1727 propter
1659 1671 1782 1726 cujus

294 1742 589 1802 prolixitatem
634 1750 682 1784 et
720 1741 1082 1800 profunditatem,
1128 1740 1307 1799 expedit
1351 1741 1593 1784 Naturalia
1635 1739 1782 1782 fratris

295 1813 483 1864 Alberti,
514 1814 792 1856 continencia
824 1813 994 1871 prolixe
1031 1820 1167 1854 totam
1195 1812 1486 1854 intentionem
1522 1811 1782 1869 Philosophi

296 1901 393 1928 cum
421 1885 570 1928 multis
597 1885 897 1927 additionibus
924 1892 968 1926 et
994 1882 1384 1943 digressionibus²,
1409 1891 1619 1941 quantum
1646 1882 1784 1942 magis

344 2031 377 2063 1.
407 2029 437 2063 Il
468 2034 525 2062 est
551 2029 683 2062 inutile
706 2029 751 2062 de
775 2027 910 2062 definir
936 2027 984 2061 ici
1032 2027 1066 2060 le
1099 2025 1297 2060 Doctrinal
1323 2025 1572 2059 d'Alexandre
1602 2025 1646 2058 de
1667 2025 1786 2059 Ville-

297 2078 396 2117 dieu,
418 2077 450 2110 le
470 2076 648 2110 Gre'cisme
666 2076 849 2110 d'Evrard
863 2076 907 2108 de
923 2074 1105 2112 Be'thune‚
1122 2080 1191 2108 cte,
1209 2074 1260 2108 Ce
1281 2080 1366 2107 sont
1381 2073 1435 2106 les
1449 2073 1562 2106 livres
1576 2072 1784 2119 classiques
1830 2110 1833 2113 ἢ

298 2126 364 2159 des
386 2125 511 2158 eccles
533 2124 582 2157 du
603 2136 738 2170 moyen
760 2126 827 2168 age
847 2122 1014 2168 (Notices
1035 2127 1067 2156 et
1088 2122 1246 2156 extraz'ts
1266 2120 1330 2155 des
1345 2120 1585 2161 manuscrits,
1608 2120 1725 2160 XXII,
1749 2122 1786 2155 2⁰

298 2172 437 2218 partie:
461 2171 634 2205 Extraits
654 2182 751 2219 pour
776 2170 889 2204 servir
914 2170 937 2203 ὰ
965 2169 1144 2204 ΙἸιι’.ςίοιί·ε
1173 2168 1237 2203 des
1264 2168 1450 2203 doctrines
1479 2167 1785 2213 grammaticales

298 2232 349 2254 au
370 2231 495 2265 moyen
517 2219 596 2264 age,
621 2232 689 2264 par
709 2218 759 2253 M.
792 2217 861 2251 Ch.
885 2217 1062 2262 Thurot).
1086 2237 1129 2242 -
1156 2216 1375 2250 Theodolus
1403 2216 1501 2250 avait
1530 2215 1601 2249 mis
1628 2227 1673 2249 en
1699 2227 1784 2250 vers

299 2267 411 2301 latins
431 2267 485 2300 les
507 2263 680 2300 miracles
699 2266 744 2299 de
763 2265 929 2299 l'Ancien
949 2265 1167 2298 Testament
1186 2264 1263 2310 (Cf.
1287 2262 1398 2304 ibid„
1422 2276 1459 2309 p.
1483 2264 1563 2301 425,
1588 2276 1625 2296 n.
1649 2263 1698 2308 2).

347 2316 380 2348 2.
410 2314 469 2348 On
490 2314 567 2348 voit
586 2326 656 2360 que
675 2313 822 2347 Dubois
841 2325 886 2346 ne
907 2315 1027 2358 paruit
1046 2312 1153 2358 point
1171 2312 1276 2345 avoir
1297 2311 1451 2357 partage
1474 2310 1507 2344 le
1531 2311 1673 2356 mepris
1694 2322 1783 2356 pro-

300 2362 399 2396 fesse
421 2373 489 2407 par
511 2362 636 2407 Roger
657 2361 783 2395 Bacon
805 2373 901 2406 pour
918 2359 1051 2393 Albert
1069 2360 1102 2392 le
1123 2359 1251 2393 Grand
1269 2372 1274 2397 ;
1299 2359 1322 2392 il
1343 2359 1476 2392 inscrit
1491 2359 1573 2391 cote
1594 2359 1613 2391 a
1633 2359 1714 2392 cote
1729 2357 1785 2391 les

299 2422 408 2443 noms
430 2410 475 2442 de
503 2421 564 2442 ces
587 2410 682 2443 deux
703 2408 954 2446 adversaires,
972 2420 1017 2440 cn
1038 2406 1219 2440 veritable
1235 2407 1439 2451 &electique
1466 2406 1530 2450 (de
1554 2408 1672 2439 meme
1695 2404 1784 2451 qu'il

300 2457 404 2503 place
417 2457 582 2490 Thomas
598 2456 758 2502 d'Aquin
781 2457 799 2489 ὲ
822 2455 903 2489 cote
923 2455 967 2488 de
984 2455 1092 2498 Siger
1113 2455 1158 2487 de
1174 2453 1371 2499 Brabant),
1389 2455 1483 2487 dans
1507 2465 1574 2486 son
1590 2452 1784 2498 catalogue

301 2508 367 2538 des
389 2504 486 2537 bons
516 2510 694 2537 auteurs:
723 2517 740 2536 «
766 2503 912 2542 certes,
938 2502 991 2535 dit
1015 2502 1138 2545 Roger
1159 2502 1285 2534 Bacon
1310 2514 1355 2534 en
1387 2502 1535 2546 pax-lant
1562 2499 1732 2533 d'Albert
1751 2499 1784 2532 le

300 2552 442 2589 Grand,
461 2552 535 2597 j’en
559 2552 628 2585 fais
652 2551 735 2596 plus
758 2551 802 2584 de
831 2562 893 2584 cas
915 2562 986 2595 que
1008 2550 1053 2582 de
1075 2555 1160 2582 tous
1183 2549 1237 2582 les
1257 2554 1383 2582 autres
1407 2554 1559 2582 savants
1579 2546 1783 2591 vulgaires‚

300 2611 411 2645 parce
433 2611 503 2644 que
523 2599 613 2632 c'est
635 2611 682 2632 un
705 2599 852 2631 homme
875 2597 1048 2630 studieux
1070 2597 1133 2642 qui
1157 2609 1174 2629 a
1195 2596 1364 2630 recueilli
1386 2597 1452 2629 des
1471 2594 1735 2629 ohservations
1751 2600 1788 2628 et

300 2646 509 2680 rassemble
532 2647 598 2679 des
625 2646 709 2679 faits
735 2646 865 2684 utiles;
888 2644 981 2678 mais
1001 2644 1026 2678 il
1049 2645 1164 2689 peche
1188 2656 1254 2689 par
1282 2644 1314 2676 la
1336 2643 1451 2682 base;
1475 2643 1501 2676 il
1528 2654 1573 2675 ne
1596 2642 1669 2675 sait
1689 2642 1782 2680 rien,

301 2694 381 2727 rien
404 2695 497 2727 dans
520 2693 574 2727 les
602 2693 772 2738 langues,
798 2693 829 2726 la
853 2692 1101 2738 perspective,
1125 2692 1158 2724 la
1179 2691 1325 2725 science
1344 2690 1648 2735 experimentale,
1674 2695 1709 2723 et
1730 2701 1786 2723 ce-

301 2742 467 2787 pendaut
485 2754 535 2774 on
554 2742 586 2774 le
602 2741 673 2775 cite
689 2742 707 2774 ἐι
724 2740 850 2779 Paris;
869 2739 894 2773 il
915 2745 974 2772 est
994 2740 1027 2772 le
1045 2740 1200 2772 docteur
1219 2751 1286 2784 par
1307 2737 1529 2776 excellence,
1547 2738 1566 2770 a
1589 2737 1621 2770 la
1643 2737 1785 2781 grande

302 2789 499 2823 confusion
522 2789 567 2822 de
588 2789 623 2822 la
645 2788 832 2822 science...
862 2789 905 2820 Ce
926 2785 1055 2834 qu'c'ly
1073 2798 1096 2820 a
1115 2785 1245 2820 d'ulc'le
1267 2785 1365 2820 dans
1385 2797 1443 2818 ses
1470 2795 1646 2830 ouvrages
1668 2796 1784 2832 pour-

301 2837 376 2871 rait
397 2837 467 2870 Etr-e
487 2836 630 2871 re'sume'
650 2835 747 2871 dans
770 2847 817 2870 un
837 2834 948 2869 traite'
965 2834 1031 2882 qui
1050 2833 1218 2868 n’auraie
1237 2844 1309 2882 pas
1331 2831 1369 2867 la
1391 2832 1580 2879 vingtieme
1599 2831 1722 2880 partie
1741 2830 1785 2867 de
