1942 3242
322 212 360 244 88
862 215 1047 247 PIERRE
1076 216 1268 248 DUBOIS.

54 314 186 376 ΑιῑιῐηεΊ
199 313 231 341 de
263 314 303 341 Si·
323 317 458 344 unum
480 318 686 362 magnum
707 304 961 354 exercitum,
988 313 1030 346 et
1056 321 1241 364 regnum
1283 305 1509 355 Sardanie,
1539 306 1811 348 transeundo

153 359 212 377 Μ’
323 390 402 432 per
424 374 584 432 ipsum,
614 374 823 417 liberaret
844 375 1058 418 Federico
1087 376 1140 419 de
1161 375 1420 435 Aragonia¹‚
1446 385 1493 419 ut
1513 376 1607 435 ipse
1628 393 1812 437 regnum

325 445 478 489 Sicilie
507 445 750 489 dimitteret
776 462 879 488 vero
901 447 1012 506 regi.

56 603 206 630 romanon
268 602 302 629 de
382 592 527 642 [LXIII]
565 587 678 634 104.
717 587 1046 631 Advertendum
1073 589 1246 632 videtur
1272 590 1480 648 expedire
1502 590 1621 649 quod
1656 592 1814 634 consti-

66 644 160 675 ΨΜ
174 641 290 672 ‘mmm’
322 667 501 702 tuantur
543 667 732 718 quatuor
767 661 1001 711 exercitus,
1046 677 1233 719 quorum
1274 670 1363 704 tres
1403 678 1482 720 per
1531 678 1648 704 mare
1693 671 1814 705 tran-

324 739 463 781 seant,
493 740 537 773 et
559 740 740 790 quartus
769 733 905 790 major
927 732 1084 774 ceteris
1113 749 1192 791 per
1217 741 1378 775 terram
1410 733 1567 775 siccam
1594 733 1648 776 ad
1678 734 1814 777 instar

325 802 474 845 Karoli
501 803 666 862 Magni,
710 811 753 845 et
779 803 910 861 primi
937 803 1138 846 Federici
1165 804 1460 862 imperatoriS,
1497 813 1540 846 et
1573 805 1814 848 Godefredi

324 874 377 916 de
399 874 560 917 Bullon
585 892 594 926 ;
622 883 669 916 ut
690 874 857 916 inimici
878 874 980 916 fidei
1004 875 1048 917 in
1077 875 1278 933 pluribus
1315 876 1424 918 locis
1457 877 1628 918 obsessi
1661 885 1703 918 et
1735 893 1814 935 op-

323 946 481 1004 pressi,
507 953 549 987 et
577 946 638 987 sic
660 945 802 996 divisi,
829 945 957 988 citius
985 947 1157 1004 possint
1185 947 1385 1006 expelli2.
1419 948 1473 989 Et
1494 956 1559 989 est
1579 948 1815 990 verisimile

325 1017 443 1075 quod
483 1017 585 1076 ipsi,
627 1025 946 1076 cognoscentes
982 1018 1195 1076 premissa
1231 1019 1350 1077 pacis
1398 1018 1544 1062 federa
1584 1020 1628 1062 in
1665 1035 1815 1063 eorum

325 1206 361 1235 et
373 1200 578 1235 heredibus
593 1201 731 1240 vestris
743 1201 985 1242 tenebuntur,
1007 1215 1183 1249 magnum
1200 1203 1411 1238 subsidium
1427 1205 1472 1239 de
1485 1204 1663 1250 gentibus
1677 1206 1816 1240 vestris

325 1255 361 1283 et
382 1248 587 1282 amicorum
610 1255 823 1283 vestrorum
845 1250 918 1284 sibi
941 1251 1062 1284 facere
1083 1251 1302 1296 poteritis...
1323 1265 1341 1285 »

373 1296 470 1330 vers
490 1296 662 1343 l'epoque
681 1298 730 1331 οὺ
749 1297 896 1331 Dubois
915 1299 1113 1333 remaniait
1134 1299 1231 1333 ainsi
1252 1300 1270 1333 ἐι
1294 1312 1332 1333 sa
1353 1299 1526 1334 fantaisie
1545 1300 1578 1334 la
1595 1306 1695 1334 carte
1716 1301 1815 1346 poli-

325 1344 428 1390 tique
447 1345 492 1378 de
514 1344 732 1391 PEspagne,
755 1358 805 1379 un
828 1345 1011 1379 Castillan
1033 1346 1176 1380 devoue
1208 1360 1252 1380 au
1281 1347 1339 1380 roi
1365 1348 1408 1381 de
1438 1348 1592 1387 France,
1618 1349 1692 1382 dou
1720 1349 1816 1382 Juan

325 1392 455 1425 Nunes
485 1392 529 1425 de
559 1392 668 1432 Lara,
702 1393 891 1427 adressait
922 1394 940 1427 a
972 1393 1147 1440 Philippe
1179 1394 1211 1427 le
1251 1395 1318 1428 Bel
1359 1408 1407 1428 un
1447 1395 1626 1429 memoire
1658 1408 1723 1429 sur
1762 1395 1816 1430 les

327 1451 483 1485 moyens
517 1440 712 1488 pratiques
743 1440 933 1474 d'enlever
963 1442 996 1475 le
1029 1454 1209 1488 royaume
1241 1443 1286 1476 de
1321 1442 1477 1476 Castille
1505 1456 1550 1476 au
1580 1443 1641 1476 fils
1669 1444 1713 1477 de
1742 1443 1816 1477 don

327 1487 471 1520 Sanehe
490 1487 758 1532 l'usurpateur.
783 1488 839 1521 En
860 1488 957 1522 voici
978 1489 1011 1522 la
1035 1489 1256 1523 conclusion
1284 1490 1415 1536 (Arch.
1439 1497 1514 1526 nat.
1538 1491 1572 1524 J.
1608 1491 1687 1535 734,
1719 1499 1761 1524 n⁰
1781 1493 1815 1534 5,

327 1536 399 1578 or.)
419 1547 426 1568 :
449 1548 467 1567 «
489 1535 579 1568 Ideo
604 1535 635 1568 si
659 1535 779 1580 placet
810 1543 934 1569 vestre
964 1537 1068 1582 regie
1097 1537 1283 1582 majestati
1305 1539 1405 1583 quod
1430 1550 1492 1572 rex
1514 1538 1693 1578 Navarre,
1715 1538 1816 1572 filius

327 1588 464 1622 vester,
489 1588 634 1627 peteret
654 1588 798 1628 partem
820 1583 928 1629 regui
951 1584 1009 1617 sui
1030 1585 1196 1618 Navarre
1218 1583 1307 1618 olim
1329 1592 1547 1631 occupatam
1562 1585 1729 1620 indebite
1751 1599 1818 1632 per

327 1642 438 1675 reges
471 1629 650 1669 Castelle,
675 1635 712 1663 et
734 1631 834 1676 quod
865 1631 1041 1665 dominus
1073 1632 1256 1666 Alfonsus
1278 1633 1389 1666 etiam
1424 1639 1526 1678 petat
1551 1646 1710 1679 regnum
1745 1634 1818 1668 sibi

328 1677 496 1711 debitum
518 1677 696 1718 Castelle‚
721 1679 834 1712 credo
857 1684 892 1712 et
915 1691 996 1712 sum
1030 1685 1155 1713 certus
1189 1680 1290 1726 quod
1332 1693 1523 1727 nunquam
1548 1680 1735 1715 habuistis
1768 1682 1816 1716 ita

328 1730 476 1769 tempus
507 1725 737 1770 dispositum
764 1725 861 1759 bene
882 1732 918 1759 et
939 1727 1154 1761 ordinatum
1187 1728 1232 1761 ad
1267 1729 1566 1774 recuperandum
1603 1728 1818 1774 supradicta

329 1773 569 1812 sicutmodo,
600 1772 685 1819 quia
707 1786 774 1806 vos
805 1773 953 1808 habetis
983 1775 1196 1809 voluntates
1215 1777 1326 1809 modo
1361 1776 1526 1809 omnium
1554 1777 1599 1810 de
1626 1788 1744 1822 regno
1773 1776 1818 1810 ad

328 1820 398 1854 hoc
421 1820 643 1866 dispositas,
660 1820 709 1854 ita
729 1826 852 1855 tamen
875 1822 976 1868 quod
996 1823 1140 1868 placeat
1159 1822 1266 1857 vobis
1289 1825 1388 1870 quod
1413 1824 1587 1857 dominus
1609 1823 1815 1864 Johannes,

327 1868 464 1907 infans,
490 1868 796 1913 consanguineus
823 1876 959 1909 vester,
992 1869 1127 1904 habeat
1156 1883 1313 1916 regnum
1349 1871 1541 1916 Legionis,
1562 1877 1610 1911 et7
1635 1871 1817 1917 placendo

328 1915 437 1949 vobis
458 1916 539 1955 hoc,
556 1915 746 1949 habebitis
768 1928 851 1950 eum
874 1918 919 1950 ad
943 1917 1137 1951 servitium
1160 1925 1326 1952 vestrum
1350 1925 1386 1952 et
1406 1919 1474 1953 filii
1493 1920 1610 1952 vestri
1629 1919 1675 1952 ad
1693 1919 1817 1953 omnia

329 1963 559 2009 supradicta,
581 1968 616 1997 et
639 1969 726 1997 sunt
747 1963 942 1998 vobiscum
965 1965 1180 2010 specialiter
1201 1967 1246 2000 ad
1266 1967 1467 2012 petendum
1487 1967 1611 2000 omnia
1632 1967 1818 2012 premissa

328 2011 374 2044 ad
398 2010 592 2044 servitium
615 2016 780 2044 vestrum
813 2012 1047 2057 potentiores
1075 2012 1239 2047 barones
1269 2014 1401 2059 patrie,
1436 2014 1609 2048 videlicet
1643 2014 1817 2048 dominus

329 2058 464 2092 Petrus
484 2058 615 2092 Poncii
631 2064 667 2091 et
682 2059 858 2093 dominus
875 2060 1098 2093 Fernandus
1118 2061 1295 2095 Roderici
1311 2062 1355 2095 de
1371 2061 1571 2108 Saldanya,
1593 2067 1628 2096 et
1643 2062 1818 2096 dominus

328 2105 486 2140 Garoias
509 2107 553 2139 de
575 2105 672 2140 Villa
703 2106 848 2151 majori,
876 2107 1083 2141 Rodericus
1113 2107 1240 2142 Alvari
1263 2109 1308 2142 de
1333 2109 1530 2150 Asturias;
1555 2115 1591 2142 et
1611 2123 1629 2143 a
1650 2109 1819 2156 quolibet

328 2153 498 2198 ipsorum
518 2158 628 2187 teneo
651 2166 764 2187 unum
785 2159 949 2188 castrum
983 2155 1019 2188 in
1054 2154 1211 2189 obsides
1246 2162 1285 2190 ut
1312 2157 1443 2201 juvent
1478 2169 1536 2190 me
1573 2157 1608 2190 in
1642 2157 1818 2191 omnibus

330 2201 573 2245 supradictis.
594 2201 641 2234 Et
660 2201 691 2234 si
714 2202 886 2241 forsitan,
912 2203 1076 2242 domine,
1107 2216 1182 2236 nou
1213 2203 1401 2237 habebitis
1437 2209 1584 2249 tempus
1618 2205 1729 2238 modo
1762 2205 1817 2238 vel

329 2248 625 2293 oportunitatem
654 2250 820 2294 ponendi
848 2262 915 2283 vos
949 2251 995 2283 ad
1026 2251 1226 2295 petendum
1267 2252 1466 2296 premissa,
1510 2252 1654 2297 placeat
1693 2258 1818 2286 vestre

329 2295 432 2340 regie
473 2296 660 2340 majestati
697 2297 797 2342 quod
829 2297 899 2331 sim
932 2297 969 2330 in
1002 2298 1161 2331 servicio
1195 2305 1322 2332 vestro
1353 2304 1388 2331 et
1419 2299 1486 2332 {ilii
1523 2300 1638 2332 vestri
1668 2311 1711 2332 ex
1744 2312 1816 2345 quo

329 2343 528 2388 recepistis
567 2355 623 2376 me
660 2343 698 2377 in
738 2345 942 2378 vassallum
978 2351 1158 2385 vestrum,
1196 2346 1292 2380 sicut
1331 2346 1490 2379 misistis
1530 2347 1619 2380 mihi
1657 2347 1730 2380 dici
1752 2359 1818 2392 per

329 2389 442 2424 istum
470 2391 639 2431 militem,
665 2391 821 2425 latorem
842 2392 1087 2437 presentium,
1109 2399 1144 2426 et
1165 2394 1266 2439 quod
1288 2394 1406 2427 vivam
1428 2394 1465 2427 in
1488 2394 1654 2427 dominio
1675 2401 1815 2433 vestro,

329 2438 415 2484 quia
437 2451 513 2471 non
540 2444 598 2472 est
625 2438 800 2472 voluntas
831 2451 911 2473 mea
943 2439 1105 2485 amplius
1140 2441 1263 2474 vivere
1285 2441 1320 2474 in
1345 2454 1462 2487 regno
1485 2441 1649 2475 Castelle
1670 2442 1707 2475 iu
1730 2454 1816 2487 pre-

330 2485 426 2518 senti
447 2498 515 2519 nec
537 2486 574 2519 in
597 2486 776 2526 futurum,
794 2487 880 2533 quia
903 2500 983 2520 sum
1000 2493 1125 2521 certus
1145 2489 1244 2534 quod
1267 2501 1330 2522 rex
1349 2495 1527 2534 procurat
1548 2495 1583 2522 et
1600 2488 1817 2534 procurabit

330 2545 479 2578 semper
499 2534 611 2567 michi
634 2540 804 2574 mortem,
823 2534 909 2568 licet
922 2536 967 2568 ad
984 2535 1161 2580 majorem
1182 2536 1419 2570 securitatem
1440 2536 1529 2570 velit
1548 2536 1658 2570 michi
1675 2537 1763 2570 dare
1779 2537 1816 2570 in

328 2579 483 2614 obsides
502 2581 610 2614 villas
632 2587 666 2615 et
688 2587 823 2616 castra.
853 2595 871 2614 »

376 2630 405 2661 1.
440 2629 617 2662 Frederic
640 2631 691 2662 1⁰¹·
707 2629 897 2674 d'Aragon
916 2631 1168 2675 (1296-1347),
1195 2631 1386 2665 troisieme
1408 2631 1468 2664 fils
1492 2631 1536 2663 de
1556 2630 1684 2664 Pierre
1706 2630 1773 2670 ΙΙΙ,
1797 2632 1817 2664 a

329 2675 392 2720 qui
425 2687 464 2708 se
496 2676 708 2709 donnereut
739 2677 793 2710 les
822 2677 995 2711 Sieiliens
1026 2678 1168 2722 malgre
1197 2679 1229 2712 le
1265 2679 1374 2712 truite
1406 2678 1590 2722 d'Auagni
1619 2679 1756 2723 (1295),
1781 2685 1818 2712 et

329 2722 392 2768 qui
415 2723 601 2768 triumpha
624 2724 668 2756 de
688 2730 774 2757 tous
796 2724 851 2758 les
870 2725 999 2758 ess'orts
1019 2737 1090 2771 que
1112 2726 1224 2760 {irent
1252 2738 1347 2772 pour
1369 2725 1401 2759 le
1423 2725 1578 2759 cliasser
1599 2725 1759 2759 Charles
1782 2726 1816 2760 ΙΙ

329 2770 489 2816 d’Anjou
508 2776 544 2804 et
566 2783 635 2804 son
657 2771 716 2804 fils
739 2771 882 2806 Robert
901 2773 1022 2818 (verus
1042 2773 1135 2818 rex).

376 2819 409 2851 2.
440 2817 494 2852 Cf.
521 2818 714 2853 ci-dessus
736 2820 753 2863 ξ
774 2821 830 2855 26.
