1942 3242
429 183 489 216 DE
519 180 939 216 RECUPERATIONE
969 180 1131 212 TERRE
1162 178 1359 211 SANCTE.
1577 176 1636 207 117

208 273 336 318 Sicut
356 289 478 334 ergo,
503 274 585 316 hac
605 288 736 316 causa
752 270 955 331 capiendi
979 269 1174 312 totaliter
1195 280 1410 319 cessante,
1429 266 1635 310 dominus

144 363 221 390 rex
264 345 400 388 nichil
442 356 590 404 potest
625 361 797 403 capere,
834 342 919 385 nisi
957 341 1221 400 simpliciter
1257 340 1361 383 velit
1392 355 1548 398 rapere
1593 349 1636 380 et

144 418 333 468 auferre,
365 417 517 460 eadem
548 416 735 467 ratione,
766 415 802 458 si
824 431 913 457 non
935 424 1037 473 eget
1063 414 1148 456 nisi
1176 413 1229 456 de
1252 423 1431 455 centum
1454 410 1633 453 milibus

143 490 424 533 marcharum
451 487 624 548 argenti
655 488 722 530 vel
748 486 858 538 auri,
887 486 921 528 si
953 486 1054 544 plus
1083 484 1241 544 capiat,
1267 495 1388 534 tunc,
1421 493 1636 541 quantum

143 562 244 622 plus
276 560 434 619 capiet,
471 559 612 619 rapiet
648 570 691 602 et
718 558 889 601 auferet
921 557 1030 599 falso
1068 557 1203 599 verbo
1241 556 1308 598 vel
1342 555 1472 605 facto,
1517 554 1635 612 quod

143 633 260 676 idem
274 643 356 683 est,
382 647 585 674 asserens
602 631 801 681 subesse,
821 646 920 672 cum
937 645 1026 671 non
1042 628 1200 678 subsit,
1220 627 1422 686 capiendi
1440 641 1631 668 causam.

145 704 191 748 Si
213 720 320 764 ergo
341 704 426 746 hoc
447 703 551 745 facit
571 719 624 744 ex
638 713 756 745 certa
779 700 971 744 sciencia
995 700 1202 743 dominus
1224 716 1316 750 rex,
1341 698 1531 741 mendax
1542 709 1634 749 est9

143 787 186 819 et
211 791 292 835 per
318 774 616 825 mendacium,
642 774 763 832 quod
784 773 912 823 absit,
938 773 1081 815 Deum
1104 788 1287 831 negans,
1310 770 1499 813 efficitur
1517 769 1634 811 filius

142 846 347 907 Dyaboli,
384 846 460 906 qui
494 857 561 888 est
587 856 712 904 pater
750 844 984 895 mendacii,
1024 855 1067 886 et
1106 859 1260 886 omnes
1293 842 1528 885 mendaces
1556 840 1632 883 filii

144 921 269 978 eJus3
299 918 414 961 sicut
440 934 594 960 omnes
615 913 807 967 veraces,
832 916 876 958 in
909 927 1124 975 quantum
1153 915 1278 967 tales,
1303 914 1380 956 filii
1408 913 1491 956 Dei
1519 929 1634 956 nun-

145 1001 392 1050 cvupantur3
424 1001 472 1033 ut
499 990 579 1032 hec
613 1005 692 1048 per
720 989 881 1031 multas
913 1004 1058 1031 sacras
1089 987 1342 1046 Scripturas
1369 986 1631 1044 probantur,

144 1062 331 1106 maxime
359 1062 402 1104 in
429 1061 614 1120 epistola
635 1061 689 1103 ad
716 1060 863 1103 Titum
886 1065 944 1114 [et
971 1060 1015 1102 in
1044 1063 1226 1112 canone]
1248 1075 1285 1101 c.
1312 1059 1392 1112 XI,
1419 1074 1461 1116 q.
1491 1059 1567 1107 III,
1593 1073 1629 1099 c.

145 1135 417 1190 [LXXVIII]:
450 1134 650 1191 Quattuor
673 1134 810 1174 modis
829 1133 1365 1190 corrumpiturjudicium,
1398 1145 1498 1172 cum
1516 1129 1637 1188 capi-

145 1206 249 1250 tulis
283 1205 590 1264 sequentibus
617 1204 748 1259 Quod
776 1215 921 1246 autem
957 1203 1000 1245 in
1027 1202 1246 1262 exigendo
1280 1202 1395 1244 ultra
1416 1200 1636 1243 neccessi-

145 1289 278 1322 tatem
306 1277 363 1319 sit
382 1287 613 1335 peccatum
637 1276 821 1318 mortale
842 1291 1066 1334 nonquam
1096 1273 1413 1317 remittendum
1443 1272 1526 1315 nisi
1550 1288 1635 1315 res-

145 1349 331 1393 tituatur
355 1359 556 1391 exactum
590 1347 704 1390 ultra
733 1347 1083 1397 neccessitatem,
1117 1349 1239 1405 patet
1269 1345 1474 1388 omnibus
1503 1345 1633 1386 fidem

146 1420 405 1464 catholicam
430 1419 709 1472 tenentibus;
731 1419 851 1478 quod
870 1418 904 1461 si
927 1430 993 1461 est
1013 1435 1164 1461 verum
1185 1418 1229 1460 in
1248 1429 1340 1460 toto
1360 1417 1481 1475 quod
1499 1416 1638 1475 exigi-

147 1503 233 1544 tur,
265 1508 370 1551 ergo
397 1503 440 1534 et
458 1491 502 1533 in
528 1502 680 1550 parte;
705 1507 804 1533 nam
831 1490 1077 1533 secundum
1101 1489 1221 1548 quod
1243 1489 1287 1532 in
1316 1489 1413 1548 lege
1435 1488 1548 1531 civili
1573 1505 1637 1530 ca-

146 1575 287 1614 vetur,
319 1565 470 1606 eadem
491 1573 555 1606 est
580 1567 694 1606 ratio
724 1566 855 1606 totius
883 1564 946 1605 ad
970 1573 1103 1605 totum
1140 1573 1181 1604 et
1193 1565 1340 1622 partis
1365 1563 1428 1603 ad
1442 1571 1633 1620 partem.

206 1639 416 1690 [Lxxvlll]
452 1636 517 1677 Ex
552 1635 714 1694 quibus
753 1633 982 1693 premissis
1028 1644 1072 1676 et
1116 1650 1195 1692 per
1235 1650 1320 1692 que
1359 1644 1480 1692 patet
1519 1633 1638 1691 quod

148 1706 439 1750 difficilimum
474 1717 541 1749 est
574 1705 754 1749 domino
789 1705 880 1765 regi
917 1708 1035 1764 juste
1063 1722 1197 1764 super
1229 1706 1311 1747 hac
1350 1705 1638 1747 neccessitate

144 1778 361 1838 judicare,
400 1794 481 1821 nec
510 1795 598 1820 non
626 1790 669 1820 et
694 1777 993 1820 assessoribus
1020 1794 1096 1820 seu
1128 1777 1390 1819 consiliariis
1414 1779 1508 1835 ejus
1531 1775 1638 1818 diffi-

149 1851 347 1894 cilimum
376 1852 624 1909 estjustum
646 1849 691 1892 in
712 1850 796 1892 hoc
818 1849 1053 1892 consilium
1070 1849 1189 1900 dare,
1206 1849 1452 1892 secundum
1475 1860 1637 1891 rectam

149 1922 483 1982 proportionem
518 1921 847 1981 geometricam,
880 1938 967 1963 non
998 1921 1304 1971 aritmeficam,
1337 1920 1531 1963 medium
1560 1919 1640 1962 eli-

150 1995 328 2054 gendo;
361 2010 459 2035 nam
489 1993 524 2035 si
547 1993 756 2036 dominus
786 2010 861 2036 rex
877 1995 997 2052 juste
1019 1993 1190 2052 judicat
1221 1993 1265 2035 in
1288 1993 1386 2043 hoc,
1413 2004 1456 2035 et
1483 1993 1517 2035 si
1540 2009 1639 2035 eon-

152 2065 304 2108 siliarii
341 2067 510 2124 justum
549 2076 592 2107 et
622 2081 785 2124 equum
820 2076 1020 2124 prestant
1053 2065 1304 2116 consilium,
1343 2065 1526 2107 virtuosi
1563 2081 1642 2123 per

85 2191 88 2194 Α
152 2138 236 2180 hoc
257 2135 525 2187 efficiuntur,
551 2139 587 2179 si
608 2137 787 2195 aliquod
813 2136 973 2179 vicium
1004 2137 1181 2180 aliunde
1204 2154 1291 2179 non
1322 2147 1504 2188 noceat;
1536 2153 1639 2194 quo-

154 2209 269 2252 niam
299 2224 398 2251 cum
433 2215 566 2251 virtus
598 2219 637 2251 et
672 2213 821 2251 vicium
855 2219 956 2251 sunt
992 2211 1077 2251 duo
1113 2213 1358 2262 coner-aria,
1395 2208 1639 2251 secundum

154 2279 492 2338 Philosophum,
524 2279 568 2322 in
597 2280 751 2323 eodem
780 2282 980 2339 subjecto
1008 2297 1053 2323 se
1082 2281 1271 2339 compati
1302 2297 1389 2323 non
1423 2292 1638 2339 possu11t;

153 2363 196 2395 et
217 2351 279 2394 sic
300 2367 436 2394 unum
466 2350 626 2394 vicium
661 2352 778 2394 tollit
801 2363 844 2394 et
865 2352 1111 2411 corrumpit
1142 2368 1295 2394 omnes
1322 2352 1508 2395 virtutes
1537 2353 1642 2394 sub-

149 2423 255 2482 jecti
291 2423 335 2465 in
384 2439 471 2481 quo
511 2434 591 2465 est.
637 2423 806 2466 Idcirco
847 2424 1102 2467 notabiliter
1147 2424 1303 2466 recitat
1344 2424 1642 2482 Philosophus

155 2494 275 2553 quod
315 2495 426 2536 bene
464 2494 574 2537 dixit
614 2495 848 2546 Eraclitus,
895 2495 1094 2538 scribens
1136 2496 1282 2554 quod:
1331 2500 1448 2538 circa
1485 2496 1644 2554 diffici-

155 2566 301 2608 limum
336 2582 505 2624 semper
544 2571 714 2609 exarsit
746 2571 897 2620 virtus,
937 2578 978 2609 et
1015 2567 1180 2610 idcirco
1215 2569 1490 2626 subjungens
1525 2567 1645 2625 quod

158 2638 283 2680 valde
321 2637 498 2696 difficile
532 2649 593 2679 est
630 2654 707 2680 nos
740 2654 832 2680 esse
866 2640 1009 2681 bonos.
1061 2641 1170 2682 Nam
1212 2650 1418 2697 opportet
1451 2638 1643 2680 medium

158 2719 277 2750 recte
309 2720 474 2760 tenere,
517 2721 558 2752 et
585 2721 794 2760 extrema,
827 2709 1032 2753 videlicet
1075 2710 1563 2769 superhabundanciam
1608 2721 1650 2752 et

162 2779 399 2832 desectum,
439 2781 677 2827 declinare.
719 2782 784 2824 Ad
822 2782 940 2843 quod
973 2781 1143 2825 inducit
1176 2782 1473 2843 Philosophus
1507 2781 1649 2826 simile
