1942 3242
481 203 540 236 DE
571 203 991 235 RECUPERATIONE
1022 203 1184 235 TERRE
1218 203 1420 235 SANCTE.
1653 203 1692 235 25

200 292 327 336 diunt
347 293 471 352 quasi
488 301 636 335 votum
652 293 876 352 frangunt,
902 308 1034 351 super
1054 308 1141 352 quo
1155 293 1226 335 vix
1240 301 1313 336 aut
1328 308 1553 351 nunquam
1573 299 1690 351 post-

199 365 375 407 modum
402 381 448 407 se
469 364 720 407 emendant.

258 507 342 552 31.
395 509 503 550 Item
557 508 602 550 in
645 507 808 550 talibus
854 508 1123 566 prioratibus
1174 507 1378 549 monachi
1428 506 1689 564 plerumque

197 579 347 621 vivunt
380 579 618 630 luxuriose,
649 580 839 629 ebriose,
876 587 920 621 et
953 579 1058 621 alias
1086 579 1344 630 inhoneste3
1382 587 1425 620 et
1452 577 1689 636 aliquando

197 650 276 693 filii
295 651 510 693 nobilium
531 651 640 693 fiunt
667 651 712 693 in
739 650 998 710 Burgundia
1025 650 1227 692 monachi
1251 649 1305 692 ad
1331 649 1450 691 illam
1477 649 1689 691 intentio-

197 738 294 764 nem
329 730 376 764 ut
412 722 522 764 tales
561 723 782 781 prioratus
818 723 1026 773 habeant,
1070 737 1158 764 non
1202 721 1340 763 solum
1382 730 1430 763 ut
1468 721 1521 763 de
1561 721 1690 763 bonis

196 809 348 836 eorum
375 793 576 844 delicate,
611 794 688 836 sed
715 794 847 836 etiam
873 802 921 836 ut
948 793 1171 837 luxuriose
1204 793 1350 835 vivant
1377 793 1507 835 etiam
1531 793 1576 835 in
1604 801 1690 834 stu·

197 864 296 915 diis,
321 873 367 907 ut
395 865 448 907 de
474 865 677 924 pluribus
705 866 885 916 audivit,
917 874 974 915 et,
1006 873 1053 908 ut
1080 865 1292 915 creditur,
1323 864 1427 906 satis
1457 864 1578 906 novit
1612 863 1691 905 do-

196 937 339 979 minus
364 953 477 995 papa
504 937 983 996 suorum'temporibus
1005 945 1048 979 et
1068 937 1176 978 locis
1204 936 1464 978 studiorum.
1496 935 1691 978 Abbates

196 1015 239 1049 et
266 1008 339 1050 alii
365 1009 580 1067 prepositi
601 1008 791 1067 predicti
813 1008 981 1051 ordinis
1010 1017 1111 1050 sunt
1132 1008 1388 1066 frequenter
1414 1008 1692 1067 negligentes

196 1078 240 1122 in
268 1080 542 1122 correctione
563 1081 731 1131 talium,
755 1080 962 1123 timentes
988 1080 1242 1139 aliquando,
1268 1080 1304 1122 si
1332 1080 1555 1138 corrigere
1576 1079 1691 1121 nite·-

195 1160 366 1202 rentur,
390 1151 488 1194 lites
517 1160 559 1195 et
581 1152 824 1195 discordias
846 1168 1013 1203 eorum,
1039 1168 1146 1210 quas
1167 1152 1323 1194 timere
1345 1167 1433 1193 non
1455 1150 1686 1193 deberent.

257 1295 341 1340 32.
392 1297 499 1338 Item
545 1296 670 1338 multi
715 1297 919 1338 monachi
960 1298 1144 1354 juvenes
1190 1295 1325 1338 rixosi
1367 1303 1470 1338 sunt
1506 1304 1549 1338 et
1593 1311 1690 1338 esse

195 1375 399 1426 satagunt
425 1367 470 1409 in
497 1367 715 1418 claustris,
753 1377 800 1410 ut
827 1368 881 1410 ad
907 1368 1017 1410 tales
1050 1367 1272 1426 prioratus
1300 1383 1427 1410 causa
1463 1367 1690 1427 spaciandi

195 1446 239 1481 et
259 1438 514 1481 lasciviandi
540 1440 784 1482 mittantur.

255 1586 386 1636 [xvll]
441 1582 524 1628 33.
582 1582 843 1625 Consideret
895 1583 1024 1625 etiam
1076 1583 1279 1625 dominus
1330 1599 1441 1642 papa
1489 1591 1596 1642 quot
1647 1592 1690 1626 et

195 1662 379 1712 quantas
401 1669 599 1713 guerras,
625 1671 754 1712 quam
781 1655 1052 1713 periculosas
1079 1654 1420 1713 predecessores
1448 1655 1514 1697 sui
1542 1671 1689 1697 move-

196 1733 298 1768 runt
326 1725 390 1767 vel
413 1734 550 1767 motas
572 1726 877 1768 sustinuerunt
895 1734 1078 1784 propter
1106 1726 1407 1768 defensionem
1434 1727 1688 1785 patrimonii

194 1797 311 1839 beati
333 1798 452 1840 Petri
471 1796 498 1848 ¹;
530 1805 637 1855 quot
665 1797 904 1840 catholicos
933 1798 989 1840 ob
1011 1798 1259 1840 invasiones
1280 1798 1533 1856 hujusmodi
1551 1798 1688 1856 patri-

194 1868 330 1910 monii
356 1869 794 1910 excommunicationi
821 1877 863 1911 et
890 1869 1155 1911 anathemati
1183 1878 1538 1927 supposuerunt;
1571 1869 1689 1927 quod

194 1939 239 1981 in
278 1939 440 1981 talibus
484 1940 693 1998 peccatis,
737 1941 875 1999 signis
921 1941 1172 1999 penitencie
1218 1957 1305 1982 non
1353 1941 1684 1999 apparentibus,

195 2011 356 2052 mortui
389 2010 591 2062 fuerunt3
629 2020 814 2070 quantas
844 2012 1065 2070 impensas
1094 2012 1139 2054 in
1163 2011 1327 2054 talibus
1355 2013 1527 2071 guerris
1562 2020 1604 2054 et
1631 2013 1687 2054 ob

196 2097 268 2124 eas
290 2081 393 2124 fecit
412 2082 624 2133 Ecclesia,
649 2091 692 2125 et
713 2083 855 2126 adhuc
881 2084 1151 2142 presumitur
1173 2100 1269 2126 csse
1292 2084 1472 2126 factura.

256 2223 340 2270 34.
378 2225 640 2268 Consideret
672 2226 802 2268 etiam
836 2225 1025 2284 qualiter
1058 2227 1222 2284 ubique
1250 2235 1467 2269 terrarum
1503 2227 1688 2270 ecclesie

245 2382 278 2414 1.
307 2379 455 2413 Dubois
490 2379 554 2414 fait
587 2380 634 2414 ici
664 2381 828 2415 allusion
863 2394 933 2415 aux
965 2394 1120 2416 secours
1152 2382 1299 2415 fournis
1329 2383 1347 2416 ἐι
1382 2382 1520 2416 Martin
1540 2383 1590 2417 IV
1621 2395 1688 2428 par

198 2427 373 2473 philippe
396 2428 449 2461 ΙΙΙ
473 2428 567 2461 dans
591 2440 651 2461 ses
671 2439 829 2475 guerres
851 2435 981 2463 contre
1003 2430 1057 2463 les
1079 2429 1221 2463 barons
1237 2430 1282 2462 de
1303 2430 1336 2463 la
1359 2430 1550 2475 Romagne
1570 2430 1685 2476 (Voy.

198 2475 236 2509 P.
260 2475 305 2510 D.
331 2475 511 2515 Pasolini,
543 2476 563 2508 Ι
591 2475 734 2510 tiranni
762 2475 804 2510 di
829 2478 1025 2522 Romagna
1047 2489 1063 2510 e
1085 2477 1098 2510 i
1120 2478 1216 2524 papi
1236 2477 1294 2510 nel
1314 2477 1434 2511 medio
1457 2489 1528 2517 evo,
1554 2478 1684 2517 Imola,

199 2523 300 2561 1888,
322 2523 451 2567 in-12).
475 2543 519 2547 -—
542 2523 644 2556 Dans
678 2535 717 2556 sa
750 2524 911 2569 repense
942 2525 961 2557 a
996 2524 1028 2558 13
1063 2524 1165 2558 bulle
1188 2525 1288 2558 Scire
1310 2530 1341 2558 te
1364 2524 1543 2563 volumus,
1578 2531 1687 2559 notre

197 2575 330 2603 auteur
351 2571 449 2604 avait
468 2570 548 2614 deii:
569 2569 722 2604 elabere
745 2583 791 2604 uu
816 2572 1012 2616 plaidoyer
1032 2585 1076 2604 en
1106 2572 1208 2617 regle
1232 2584 1297 2605 sur
1326 2572 1379 2606 les
1399 2573 1687 2606 inconvenients

197 2617 246 2650 du
268 2618 427 2662 pouvoir
449 2618 631 2662 temporel
649 2619 715 2651 des
738 2631 873 2663 papes;
898 2619 921 2652 il
945 2631 967 2664 y
985 2620 1083 2653 avait
1101 2622 1218 2652 meme
1238 2620 1384 2654 devoile
1407 2621 1492 2666 plus
1512 2621 1687 2654 franche-

198 2671 299 2698 meut
330 2665 440 2711 qu'ici
472 2671 574 2698 toute
609 2678 647 2698 sa
681 2667 841 2710 pensee:
874 2679 891 2698 «
916 2666 1027 2700 Forte
1056 2667 1250 2711 expediret
1279 2679 1457 2700 romanos
1487 2668 1686 2713 pontifices

197 2711 277 2745 sore
301 2724 498 2757 pauperes⁷
523 2713 619 2746 sicut
640 2713 728 2745 olim
752 2712 913 2751 fuerunt.
938 2719 978 2747 ut
1000 2715 1118 2747 sancti
1140 2720 1279 2748 essent.
1306 2727 1324 2747 »
1345 2716 1512 2760 (Dupuyv
1534 2717 1687 2749 Preme-es

197 2758 249 2793 du
271 2759 548 2805 Diffdrend.....,
574 2773 606 2806 p.
633 2761 689 2799 46,
715 2761 943 2794 collationue
972 2773 1037 2794 sur
1058 2761 1092 2796 le
1114 2774 1182 2795 ms.
1208 2763 1322 2797 10919
1344 2763 1389 2796 de
1413 2762 1442 2796 la
1468 2762 1566 2797 Bibl.
1591 2769 1683 2802 nat.‚

198 2806 262 2840 fol.
285 2807 335 2853 6).
357 2807 414 2841 Cf.
438 2807 653 2841 ci-dessous
674 2808 691 2852 ἓ
712 2808 754 2843 40
776 2813 812 2842 et
834 2808 866 2842 la
890 2814 990 2843 note.

1709 522 1876 545 notamment
1925 527 1939 545 e

1751 555 1922 590 Bourgogne.

1710 1594 1749 1618 Du
1759 1591 1916 1628 pati-imolae
1923 1591 1940 1619 d

1736 1628 1822 1656 Saiut-
1827 1629 1930 1656 Pierre.

1710 2239 1745 2264 De
1759 2237 1785 2264 ln
1798 2237 1909 2278 simon-ie
1923 2246 1942 2263 ei

1725 2282 1789 2300 eour
1803 2282 1934 2301 romame.
